%YAML 1.1
%TAG !u! tag:unity3d.com,2011:
--- !u!29 &1
OcclusionCullingSettings:
  m_ObjectHideFlags: 0
  serializedVersion: 2
  m_OcclusionBakeSettings:
    smallestOccluder: 5
    smallestHole: 0.25
    backfaceThreshold: 100
  m_SceneGUID: 00000000000000000000000000000000
  m_OcclusionCullingData: {fileID: 0}
--- !u!104 &2
RenderSettings:
  m_ObjectHideFlags: 0
  serializedVersion: 9
  m_Fog: 0
  m_FogColor: {r: 0.5, g: 0.5, b: 0.5, a: 1}
  m_FogMode: 3
  m_FogDensity: 0.01
  m_LinearFogStart: 0
  m_LinearFogEnd: 300
  m_AmbientSkyColor: {r: 0.2, g: 0.2, b: 0.2, a: 1}
  m_AmbientEquatorColor: {r: 0.2, g: 0.2, b: 0.2, a: 1}
  m_AmbientGroundColor: {r: 0.2, g: 0.2, b: 0.2, a: 1}
  m_AmbientIntensity: 1
  m_AmbientMode: 3
  m_SubtractiveShadowColor: {r: 0.42, g: 0.478, b: 0.627, a: 1}
  m_SkyboxMaterial: {fileID: 10304, guid: 0000000000000000f000000000000000, type: 0}
  m_HaloStrength: 0.5
  m_FlareStrength: 1
  m_FlareFadeSpeed: 3
  m_HaloTexture: {fileID: 0}
  m_SpotCookie: {fileID: 10001, guid: 0000000000000000e000000000000000, type: 0}
  m_DefaultReflectionMode: 0
  m_DefaultReflectionResolution: 128
  m_ReflectionBounces: 1
  m_ReflectionIntensity: 1
  m_CustomReflection: {fileID: 0}
  m_Sun: {fileID: 0}
  m_IndirectSpecularColor: {r: 0, g: 0, b: 0, a: 1}
  m_UseRadianceAmbientProbe: 0
--- !u!157 &4
LightmapSettings:
  m_ObjectHideFlags: 0
  serializedVersion: 11
  m_GIWorkflowMode: 1
  m_GISettings:
    serializedVersion: 2
    m_BounceScale: 1
    m_IndirectOutputScale: 1
    m_AlbedoBoost: 1
    m_EnvironmentLightingMode: 0
    m_EnableBakedLightmaps: 1
    m_EnableRealtimeLightmaps: 1
  m_LightmapEditorSettings:
    serializedVersion: 12
    m_Resolution: 2
    m_BakeResolution: 50
    m_AtlasSize: 1024
    m_AO: 0
    m_AOMaxDistance: 1
    m_CompAOExponent: 0
    m_CompAOExponentDirect: 0
    m_ExtractAmbientOcclusion: 0
    m_Padding: 2
    m_LightmapParameters: {fileID: 0}
    m_LightmapsBakeMode: 1
    m_TextureCompression: 0
    m_FinalGather: 0
    m_FinalGatherFiltering: 1
    m_FinalGatherRayCount: 1024
    m_ReflectionCompression: 2
    m_MixedBakeMode: 1
    m_BakeBackend: 0
    m_PVRSampling: 1
    m_PVRDirectSampleCount: 32
    m_PVRSampleCount: 512
    m_PVRBounces: 2
    m_PVREnvironmentSampleCount: 512
    m_PVREnvironmentReferencePointCount: 2048
    m_PVRFilteringMode: 0
    m_PVRDenoiserTypeDirect: 0
    m_PVRDenoiserTypeIndirect: 0
    m_PVRDenoiserTypeAO: 0
    m_PVRFilterTypeDirect: 0
    m_PVRFilterTypeIndirect: 0
    m_PVRFilterTypeAO: 0
    m_PVREnvironmentMIS: 0
    m_PVRCulling: 1
    m_PVRFilteringGaussRadiusDirect: 1
    m_PVRFilteringGaussRadiusIndirect: 5
    m_PVRFilteringGaussRadiusAO: 2
    m_PVRFilteringAtrousPositionSigmaDirect: 0.5
    m_PVRFilteringAtrousPositionSigmaIndirect: 2
    m_PVRFilteringAtrousPositionSigmaAO: 1
    m_ExportTrainingData: 0
    m_TrainingDataDestination: TrainingData
  m_LightingDataAsset: {fileID: 0}
  m_UseShadowmask: 0
--- !u!196 &5
NavMeshSettings:
  serializedVersion: 2
  m_ObjectHideFlags: 0
  m_BuildSettings:
    serializedVersion: 2
    agentTypeID: 0
    agentRadius: 0.5
    agentHeight: 2
    agentSlope: 45
    agentClimb: 0.4
    ledgeDropHeight: 0
    maxJumpAcrossDistance: 0
    minRegionArea: 2
    manualCellSize: 0
    cellSize: 0.16666666
    manualTileSize: 0
    tileSize: 256
    accuratePlacement: 0
    debug:
      m_Flags: 0
  m_NavMeshData: {fileID: 0}
--- !u!1001 &21733902
PrefabInstance:
  m_ObjectHideFlags: 0
  serializedVersion: 2
  m_Modification:
    m_TransformParent: {fileID: 0}
    m_Modifications:
    - target: {fileID: 400000, guid: 29ffdc76a80ef794fa0bad907b91c15f, type: 3}
      propertyPath: m_LocalPosition.x
      value: -122.07
      objectReference: {fileID: 0}
    - target: {fileID: 400000, guid: 29ffdc76a80ef794fa0bad907b91c15f, type: 3}
      propertyPath: m_LocalPosition.y
      value: 0
      objectReference: {fileID: 0}
    - target: {fileID: 400000, guid: 29ffdc76a80ef794fa0bad907b91c15f, type: 3}
      propertyPath: m_LocalPosition.z
      value: -66.4000015
      objectReference: {fileID: 0}
    - target: {fileID: 400000, guid: 29ffdc76a80ef794fa0bad907b91c15f, type: 3}
      propertyPath: m_LocalRotation.x
      value: -.707105815
      objectReference: {fileID: 0}
    - target: {fileID: 400000, guid: 29ffdc76a80ef794fa0bad907b91c15f, type: 3}
      propertyPath: m_LocalRotation.y
      value: 0
      objectReference: {fileID: 0}
    - target: {fileID: 400000, guid: 29ffdc76a80ef794fa0bad907b91c15f, type: 3}
      propertyPath: m_LocalRotation.z
      value: 0
      objectReference: {fileID: 0}
    - target: {fileID: 400000, guid: 29ffdc76a80ef794fa0bad907b91c15f, type: 3}
      propertyPath: m_LocalRotation.w
      value: .707107842
      objectReference: {fileID: 0}
    - target: {fileID: 400000, guid: 29ffdc76a80ef794fa0bad907b91c15f, type: 3}
      propertyPath: m_RootOrder
      value: 9
      objectReference: {fileID: 0}
    m_RemovedComponents: []
  m_SourcePrefab: {fileID: 100100000, guid: 29ffdc76a80ef794fa0bad907b91c15f, type: 3}
--- !u!1001 &149022281
PrefabInstance:
  m_ObjectHideFlags: 0
  serializedVersion: 2
  m_Modification:
    m_TransformParent: {fileID: 0}
    m_Modifications:
    - target: {fileID: 400000, guid: 19a033bd6c7d437479cfcf883f114569, type: 3}
      propertyPath: m_LocalPosition.x
      value: -93.6999969
      objectReference: {fileID: 0}
    - target: {fileID: 400000, guid: 19a033bd6c7d437479cfcf883f114569, type: 3}
      propertyPath: m_LocalPosition.y
      value: 0
      objectReference: {fileID: 0}
    - target: {fileID: 400000, guid: 19a033bd6c7d437479cfcf883f114569, type: 3}
      propertyPath: m_LocalPosition.z
      value: -65.5
      objectReference: {fileID: 0}
    - target: {fileID: 400000, guid: 19a033bd6c7d437479cfcf883f114569, type: 3}
      propertyPath: m_LocalRotation.x
      value: 0
      objectReference: {fileID: 0}
    - target: {fileID: 400000, guid: 19a033bd6c7d437479cfcf883f114569, type: 3}
      propertyPath: m_LocalRotation.y
      value: 0
      objectReference: {fileID: 0}
    - target: {fileID: 400000, guid: 19a033bd6c7d437479cfcf883f114569, type: 3}
      propertyPath: m_LocalRotation.z
      value: 0
      objectReference: {fileID: 0}
    - target: {fileID: 400000, guid: 19a033bd6c7d437479cfcf883f114569, type: 3}
      propertyPath: m_LocalRotation.w
      value: 1
      objectReference: {fileID: 0}
    - target: {fileID: 400000, guid: 19a033bd6c7d437479cfcf883f114569, type: 3}
      propertyPath: m_RootOrder
      value: 8
      objectReference: {fileID: 0}
    m_RemovedComponents: []
  m_SourcePrefab: {fileID: 100100000, guid: 19a033bd6c7d437479cfcf883f114569, type: 3}
--- !u!1001 &163067912
PrefabInstance:
  m_ObjectHideFlags: 0
  serializedVersion: 2
  m_Modification:
    m_TransformParent: {fileID: 0}
    m_Modifications:
    - target: {fileID: 400000, guid: 1dd14a50ab62f3547910afb969641b20, type: 3}
      propertyPath: m_LocalPosition.x
      value: -122.800003
      objectReference: {fileID: 0}
    - target: {fileID: 400000, guid: 1dd14a50ab62f3547910afb969641b20, type: 3}
      propertyPath: m_LocalPosition.y
      value: 0
      objectReference: {fileID: 0}
    - target: {fileID: 400000, guid: 1dd14a50ab62f3547910afb969641b20, type: 3}
      propertyPath: m_LocalPosition.z
      value: -60.0999985
      objectReference: {fileID: 0}
    - target: {fileID: 400000, guid: 1dd14a50ab62f3547910afb969641b20, type: 3}
      propertyPath: m_LocalRotation.x
      value: -.760149539
      objectReference: {fileID: 0}
    - target: {fileID: 400000, guid: 1dd14a50ab62f3547910afb969641b20, type: 3}
      propertyPath: m_LocalRotation.y
      value: 0
      objectReference: {fileID: 0}
    - target: {fileID: 400000, guid: 1dd14a50ab62f3547910afb969641b20, type: 3}
      propertyPath: m_LocalRotation.z
      value: 0
      objectReference: {fileID: 0}
    - target: {fileID: 400000, guid: 1dd14a50ab62f3547910afb969641b20, type: 3}
      propertyPath: m_LocalRotation.w
      value: .649748266
      objectReference: {fileID: 0}
    - target: {fileID: 400000, guid: 1dd14a50ab62f3547910afb969641b20, type: 3}
      propertyPath: m_RootOrder
      value: 3
      objectReference: {fileID: 0}
    m_RemovedComponents: []
  m_SourcePrefab: {fileID: 100100000, guid: 1dd14a50ab62f3547910afb969641b20, type: 3}
--- !u!1001 &204347970
PrefabInstance:
  m_ObjectHideFlags: 0
  serializedVersion: 2
  m_Modification:
    m_TransformParent: {fileID: 0}
    m_Modifications:
    - target: {fileID: 400000, guid: 429c58c34da129e45b9b894667c3b58e, type: 3}
      propertyPath: m_LocalPosition.x
      value: -115.739998
      objectReference: {fileID: 0}
    - target: {fileID: 400000, guid: 429c58c34da129e45b9b894667c3b58e, type: 3}
      propertyPath: m_LocalPosition.y
      value: 0
      objectReference: {fileID: 0}
    - target: {fileID: 400000, guid: 429c58c34da129e45b9b894667c3b58e, type: 3}
      propertyPath: m_LocalPosition.z
      value: -65.25
      objectReference: {fileID: 0}
    - target: {fileID: 400000, guid: 429c58c34da129e45b9b894667c3b58e, type: 3}
      propertyPath: m_LocalRotation.x
      value: 0
      objectReference: {fileID: 0}
    - target: {fileID: 400000, guid: 429c58c34da129e45b9b894667c3b58e, type: 3}
      propertyPath: m_LocalRotation.y
      value: 0
      objectReference: {fileID: 0}
    - target: {fileID: 400000, guid: 429c58c34da129e45b9b894667c3b58e, type: 3}
      propertyPath: m_LocalRotation.z
      value: 0
      objectReference: {fileID: 0}
    - target: {fileID: 400000, guid: 429c58c34da129e45b9b894667c3b58e, type: 3}
      propertyPath: m_LocalRotation.w
      value: 1
      objectReference: {fileID: 0}
    - target: {fileID: 400000, guid: 429c58c34da129e45b9b894667c3b58e, type: 3}
      propertyPath: m_RootOrder
      value: 4
      objectReference: {fileID: 0}
    m_RemovedComponents: []
  m_SourcePrefab: {fileID: 100100000, guid: 429c58c34da129e45b9b894667c3b58e, type: 3}
--- !u!1001 &233235564
PrefabInstance:
  m_ObjectHideFlags: 0
  serializedVersion: 2
  m_Modification:
    m_TransformParent: {fileID: 0}
    m_Modifications:
    - target: {fileID: 400000, guid: d18a79706540c324eae52bd54ba8160b, type: 3}
      propertyPath: m_LocalPosition.x
      value: -112.199997
      objectReference: {fileID: 0}
    - target: {fileID: 400000, guid: d18a79706540c324eae52bd54ba8160b, type: 3}
      propertyPath: m_LocalPosition.y
      value: -0
      objectReference: {fileID: 0}
    - target: {fileID: 400000, guid: d18a79706540c324eae52bd54ba8160b, type: 3}
      propertyPath: m_LocalPosition.z
      value: -69.2799988
      objectReference: {fileID: 0}
    - target: {fileID: 400000, guid: d18a79706540c324eae52bd54ba8160b, type: 3}
      propertyPath: m_LocalRotation.x
      value: -.707105994
      objectReference: {fileID: 0}
    - target: {fileID: 400000, guid: d18a79706540c324eae52bd54ba8160b, type: 3}
      propertyPath: m_LocalRotation.y
      value: 0
      objectReference: {fileID: 0}
    - target: {fileID: 400000, guid: d18a79706540c324eae52bd54ba8160b, type: 3}
      propertyPath: m_LocalRotation.z
      value: 0
      objectReference: {fileID: 0}
    - target: {fileID: 400000, guid: d18a79706540c324eae52bd54ba8160b, type: 3}
      propertyPath: m_LocalRotation.w
      value: .707107604
      objectReference: {fileID: 0}
    - target: {fileID: 400000, guid: d18a79706540c324eae52bd54ba8160b, type: 3}
      propertyPath: m_RootOrder
      value: 19
      objectReference: {fileID: 0}
    m_RemovedComponents: []
  m_SourcePrefab: {fileID: 100100000, guid: d18a79706540c324eae52bd54ba8160b, type: 3}
--- !u!1001 &250977873
PrefabInstance:
  m_ObjectHideFlags: 0
  serializedVersion: 2
  m_Modification:
    m_TransformParent: {fileID: 0}
    m_Modifications:
    - target: {fileID: 400000, guid: 7b9bad65190ac054aa6dd46bfcdc305f, type: 3}
      propertyPath: m_LocalPosition.x
      value: -118.5
      objectReference: {fileID: 0}
    - target: {fileID: 400000, guid: 7b9bad65190ac054aa6dd46bfcdc305f, type: 3}
      propertyPath: m_LocalPosition.y
      value: 0
      objectReference: {fileID: 0}
    - target: {fileID: 400000, guid: 7b9bad65190ac054aa6dd46bfcdc305f, type: 3}
      propertyPath: m_LocalPosition.z
      value: -55.2099991
      objectReference: {fileID: 0}
    - target: {fileID: 400000, guid: 7b9bad65190ac054aa6dd46bfcdc305f, type: 3}
      propertyPath: m_LocalRotation.x
      value: -.707106829
      objectReference: {fileID: 0}
    - target: {fileID: 400000, guid: 7b9bad65190ac054aa6dd46bfcdc305f, type: 3}
      propertyPath: m_LocalRotation.y
      value: 0
      objectReference: {fileID: 0}
    - target: {fileID: 400000, guid: 7b9bad65190ac054aa6dd46bfcdc305f, type: 3}
      propertyPath: m_LocalRotation.z
      value: -0
      objectReference: {fileID: 0}
    - target: {fileID: 400000, guid: 7b9bad65190ac054aa6dd46bfcdc305f, type: 3}
      propertyPath: m_LocalRotation.w
      value: .707106829
      objectReference: {fileID: 0}
    - target: {fileID: 400000, guid: 7b9bad65190ac054aa6dd46bfcdc305f, type: 3}
      propertyPath: m_RootOrder
      value: 6
      objectReference: {fileID: 0}
    m_RemovedComponents: []
  m_SourcePrefab: {fileID: 100100000, guid: 7b9bad65190ac054aa6dd46bfcdc305f, type: 3}
--- !u!1001 &276499333
PrefabInstance:
  m_ObjectHideFlags: 0
  serializedVersion: 2
  m_Modification:
    m_TransformParent: {fileID: 0}
    m_Modifications:
    - target: {fileID: 400002, guid: dbc0bdc2a54446b48ab16f077e46e184, type: 3}
      propertyPath: m_LocalPosition.x
      value: -110.900002
      objectReference: {fileID: 0}
    - target: {fileID: 400002, guid: dbc0bdc2a54446b48ab16f077e46e184, type: 3}
      propertyPath: m_LocalPosition.y
      value: 0
      objectReference: {fileID: 0}
    - target: {fileID: 400002, guid: dbc0bdc2a54446b48ab16f077e46e184, type: 3}
      propertyPath: m_LocalPosition.z
      value: -69.4000015
      objectReference: {fileID: 0}
    - target: {fileID: 400002, guid: dbc0bdc2a54446b48ab16f077e46e184, type: 3}
      propertyPath: m_LocalRotation.x
      value: 0
      objectReference: {fileID: 0}
    - target: {fileID: 400002, guid: dbc0bdc2a54446b48ab16f077e46e184, type: 3}
      propertyPath: m_LocalRotation.y
      value: -.70710665
      objectReference: {fileID: 0}
    - target: {fileID: 400002, guid: dbc0bdc2a54446b48ab16f077e46e184, type: 3}
      propertyPath: m_LocalRotation.z
      value: 0
      objectReference: {fileID: 0}
    - target: {fileID: 400002, guid: dbc0bdc2a54446b48ab16f077e46e184, type: 3}
      propertyPath: m_LocalRotation.w
      value: .707106948
      objectReference: {fileID: 0}
    - target: {fileID: 400002, guid: dbc0bdc2a54446b48ab16f077e46e184, type: 3}
      propertyPath: m_RootOrder
      value: 18
      objectReference: {fileID: 0}
    m_RemovedComponents: []
  m_SourcePrefab: {fileID: 100100000, guid: dbc0bdc2a54446b48ab16f077e46e184, type: 3}
--- !u!1001 &284808473
PrefabInstance:
  m_ObjectHideFlags: 0
  serializedVersion: 2
  m_Modification:
    m_TransformParent: {fileID: 0}
    m_Modifications:
    - target: {fileID: 470054, guid: 127efeafccd6a08498b3761bed6d3889, type: 3}
      propertyPath: m_LocalPosition.x
      value: -102.160004
      objectReference: {fileID: 0}
    - target: {fileID: 470054, guid: 127efeafccd6a08498b3761bed6d3889, type: 3}
      propertyPath: m_LocalPosition.y
      value: -0
      objectReference: {fileID: 0}
    - target: {fileID: 470054, guid: 127efeafccd6a08498b3761bed6d3889, type: 3}
      propertyPath: m_LocalPosition.z
      value: -60.4399986
      objectReference: {fileID: 0}
    - target: {fileID: 470054, guid: 127efeafccd6a08498b3761bed6d3889, type: 3}
      propertyPath: m_LocalRotation.x
      value: -.707106829
      objectReference: {fileID: 0}
    - target: {fileID: 470054, guid: 127efeafccd6a08498b3761bed6d3889, type: 3}
      propertyPath: m_LocalRotation.y
      value: 0
      objectReference: {fileID: 0}
    - target: {fileID: 470054, guid: 127efeafccd6a08498b3761bed6d3889, type: 3}
      propertyPath: m_LocalRotation.z
      value: -0
      objectReference: {fileID: 0}
    - target: {fileID: 470054, guid: 127efeafccd6a08498b3761bed6d3889, type: 3}
      propertyPath: m_LocalRotation.w
      value: .707106829
      objectReference: {fileID: 0}
    - target: {fileID: 470054, guid: 127efeafccd6a08498b3761bed6d3889, type: 3}
      propertyPath: m_RootOrder
      value: 1
      objectReference: {fileID: 0}
    m_RemovedComponents: []
  m_SourcePrefab: {fileID: 100100000, guid: 127efeafccd6a08498b3761bed6d3889, type: 3}
--- !u!1001 &360638998
PrefabInstance:
  m_ObjectHideFlags: 0
  serializedVersion: 2
  m_Modification:
    m_TransformParent: {fileID: 0}
    m_Modifications:
    - target: {fileID: 400000, guid: 7a869ff09439dfb4cbbce743a640f936, type: 3}
      propertyPath: m_LocalPosition.x
      value: -88.8000031
      objectReference: {fileID: 0}
    - target: {fileID: 400000, guid: 7a869ff09439dfb4cbbce743a640f936, type: 3}
      propertyPath: m_LocalPosition.y
      value: 0
      objectReference: {fileID: 0}
    - target: {fileID: 400000, guid: 7a869ff09439dfb4cbbce743a640f936, type: 3}
      propertyPath: m_LocalPosition.z
      value: -72.4000015
      objectReference: {fileID: 0}
    - target: {fileID: 400000, guid: 7a869ff09439dfb4cbbce743a640f936, type: 3}
      propertyPath: m_LocalRotation.x
      value: 0
      objectReference: {fileID: 0}
    - target: {fileID: 400000, guid: 7a869ff09439dfb4cbbce743a640f936, type: 3}
      propertyPath: m_LocalRotation.y
      value: 0
      objectReference: {fileID: 0}
    - target: {fileID: 400000, guid: 7a869ff09439dfb4cbbce743a640f936, type: 3}
      propertyPath: m_LocalRotation.z
      value: 0
      objectReference: {fileID: 0}
    - target: {fileID: 400000, guid: 7a869ff09439dfb4cbbce743a640f936, type: 3}
      propertyPath: m_LocalRotation.w
      value: 1
      objectReference: {fileID: 0}
    - target: {fileID: 400000, guid: 7a869ff09439dfb4cbbce743a640f936, type: 3}
      propertyPath: m_RootOrder
      value: 1
      objectReference: {fileID: 0}
    m_RemovedComponents: []
  m_SourcePrefab: {fileID: 100100000, guid: 7a869ff09439dfb4cbbce743a640f936, type: 3}
--- !u!1001 &365503457
PrefabInstance:
  m_ObjectHideFlags: 0
  serializedVersion: 2
  m_Modification:
    m_TransformParent: {fileID: 0}
    m_Modifications:
    - target: {fileID: 400002, guid: 02fc8d4bf46b3b3468bd6c0e9bb92286, type: 3}
      propertyPath: m_LocalPosition.x
      value: -93.3099976
      objectReference: {fileID: 0}
    - target: {fileID: 400002, guid: 02fc8d4bf46b3b3468bd6c0e9bb92286, type: 3}
      propertyPath: m_LocalPosition.y
      value: 0
      objectReference: {fileID: 0}
    - target: {fileID: 400002, guid: 02fc8d4bf46b3b3468bd6c0e9bb92286, type: 3}
      propertyPath: m_LocalPosition.z
      value: -54.1699982
      objectReference: {fileID: 0}
    - target: {fileID: 400002, guid: 02fc8d4bf46b3b3468bd6c0e9bb92286, type: 3}
      propertyPath: m_LocalRotation.x
      value: -.663818359
      objectReference: {fileID: 0}
    - target: {fileID: 400002, guid: 02fc8d4bf46b3b3468bd6c0e9bb92286, type: 3}
      propertyPath: m_LocalRotation.y
      value: -.243609115
      objectReference: {fileID: 0}
    - target: {fileID: 400002, guid: 02fc8d4bf46b3b3468bd6c0e9bb92286, type: 3}
      propertyPath: m_LocalRotation.z
      value: -.243608981
      objectReference: {fileID: 0}
    - target: {fileID: 400002, guid: 02fc8d4bf46b3b3468bd6c0e9bb92286, type: 3}
      propertyPath: m_LocalRotation.w
      value: .663818121
      objectReference: {fileID: 0}
    - target: {fileID: 400002, guid: 02fc8d4bf46b3b3468bd6c0e9bb92286, type: 3}
      propertyPath: m_RootOrder
      value: 36
      objectReference: {fileID: 0}
    m_RemovedComponents: []
  m_SourcePrefab: {fileID: 100100000, guid: 02fc8d4bf46b3b3468bd6c0e9bb92286, type: 3}
--- !u!1001 &398329062
PrefabInstance:
  m_ObjectHideFlags: 0
  serializedVersion: 2
  m_Modification:
    m_TransformParent: {fileID: 0}
    m_Modifications:
    - target: {fileID: 400000, guid: a6e1bdc080b6fa04ba82181e59104bb6, type: 3}
      propertyPath: m_LocalPosition.x
      value: -91.4599991
      objectReference: {fileID: 0}
    - target: {fileID: 400000, guid: a6e1bdc080b6fa04ba82181e59104bb6, type: 3}
      propertyPath: m_LocalPosition.y
      value: 0
      objectReference: {fileID: 0}
    - target: {fileID: 400000, guid: a6e1bdc080b6fa04ba82181e59104bb6, type: 3}
      propertyPath: m_LocalPosition.z
      value: -62.0699997
      objectReference: {fileID: 0}
    - target: {fileID: 400000, guid: a6e1bdc080b6fa04ba82181e59104bb6, type: 3}
      propertyPath: m_LocalRotation.x
      value: 0
      objectReference: {fileID: 0}
    - target: {fileID: 400000, guid: a6e1bdc080b6fa04ba82181e59104bb6, type: 3}
      propertyPath: m_LocalRotation.y
      value: 0
      objectReference: {fileID: 0}
    - target: {fileID: 400000, guid: a6e1bdc080b6fa04ba82181e59104bb6, type: 3}
      propertyPath: m_LocalRotation.z
      value: 0
      objectReference: {fileID: 0}
    - target: {fileID: 400000, guid: a6e1bdc080b6fa04ba82181e59104bb6, type: 3}
      propertyPath: m_LocalRotation.w
      value: 1
      objectReference: {fileID: 0}
    - target: {fileID: 400000, guid: a6e1bdc080b6fa04ba82181e59104bb6, type: 3}
      propertyPath: m_RootOrder
      value: 11
      objectReference: {fileID: 0}
    m_RemovedComponents: []
  m_SourcePrefab: {fileID: 100100000, guid: a6e1bdc080b6fa04ba82181e59104bb6, type: 3}
--- !u!1001 &508908737
PrefabInstance:
  m_ObjectHideFlags: 0
  serializedVersion: 2
  m_Modification:
    m_TransformParent: {fileID: 0}
    m_Modifications:
    - target: {fileID: 400000, guid: 4e087b6f26cf89943a4f011f2d148912, type: 3}
      propertyPath: m_LocalPosition.x
      value: -116.889999
      objectReference: {fileID: 0}
    - target: {fileID: 400000, guid: 4e087b6f26cf89943a4f011f2d148912, type: 3}
      propertyPath: m_LocalPosition.y
      value: 0
      objectReference: {fileID: 0}
    - target: {fileID: 400000, guid: 4e087b6f26cf89943a4f011f2d148912, type: 3}
      propertyPath: m_LocalPosition.z
      value: -49.9500008
      objectReference: {fileID: 0}
    - target: {fileID: 400000, guid: 4e087b6f26cf89943a4f011f2d148912, type: 3}
      propertyPath: m_LocalRotation.x
      value: -.00427866867
      objectReference: {fileID: 0}
    - target: {fileID: 400000, guid: 4e087b6f26cf89943a4f011f2d148912, type: 3}
      propertyPath: m_LocalRotation.y
      value: -.707093835
      objectReference: {fileID: 0}
    - target: {fileID: 400000, guid: 4e087b6f26cf89943a4f011f2d148912, type: 3}
      propertyPath: m_LocalRotation.z
      value: -.707093835
      objectReference: {fileID: 0}
    - target: {fileID: 400000, guid: 4e087b6f26cf89943a4f011f2d148912, type: 3}
      propertyPath: m_LocalRotation.w
      value: .00427866867
      objectReference: {fileID: 0}
    - target: {fileID: 400000, guid: 4e087b6f26cf89943a4f011f2d148912, type: 3}
      propertyPath: m_RootOrder
      value: 0
      objectReference: {fileID: 0}
    m_RemovedComponents: []
  m_SourcePrefab: {fileID: 100100000, guid: 4e087b6f26cf89943a4f011f2d148912, type: 3}
--- !u!1001 &590129804
PrefabInstance:
  m_ObjectHideFlags: 0
  serializedVersion: 2
  m_Modification:
    m_TransformParent: {fileID: 0}
    m_Modifications:
    - target: {fileID: 400000, guid: 8dbdbf679ba8b064aa3a473221f512b4, type: 3}
      propertyPath: m_LocalPosition.x
      value: -124.400002
      objectReference: {fileID: 0}
    - target: {fileID: 400000, guid: 8dbdbf679ba8b064aa3a473221f512b4, type: 3}
      propertyPath: m_LocalPosition.y
      value: 0
      objectReference: {fileID: 0}
    - target: {fileID: 400000, guid: 8dbdbf679ba8b064aa3a473221f512b4, type: 3}
      propertyPath: m_LocalPosition.z
      value: -60
      objectReference: {fileID: 0}
    - target: {fileID: 400000, guid: 8dbdbf679ba8b064aa3a473221f512b4, type: 3}
      propertyPath: m_LocalRotation.x
      value: -.786032557
      objectReference: {fileID: 0}
    - target: {fileID: 400000, guid: 8dbdbf679ba8b064aa3a473221f512b4, type: 3}
      propertyPath: m_LocalRotation.y
      value: 0
      objectReference: {fileID: 0}
    - target: {fileID: 400000, guid: 8dbdbf679ba8b064aa3a473221f512b4, type: 3}
      propertyPath: m_LocalRotation.z
      value: 0
      objectReference: {fileID: 0}
    - target: {fileID: 400000, guid: 8dbdbf679ba8b064aa3a473221f512b4, type: 3}
      propertyPath: m_LocalRotation.w
      value: .618185163
      objectReference: {fileID: 0}
    - target: {fileID: 400000, guid: 8dbdbf679ba8b064aa3a473221f512b4, type: 3}
      propertyPath: m_RootOrder
      value: 2
      objectReference: {fileID: 0}
    m_RemovedComponents: []
  m_SourcePrefab: {fileID: 100100000, guid: 8dbdbf679ba8b064aa3a473221f512b4, type: 3}
--- !u!1001 &624878801
PrefabInstance:
  m_ObjectHideFlags: 0
  serializedVersion: 2
  m_Modification:
    m_TransformParent: {fileID: 0}
    m_Modifications:
    - target: {fileID: 400004, guid: 9fb0b03283bf0ab4293946c8eb65a4ad, type: 3}
      propertyPath: m_LocalPosition.x
      value: -96.6600037
      objectReference: {fileID: 0}
    - target: {fileID: 400004, guid: 9fb0b03283bf0ab4293946c8eb65a4ad, type: 3}
      propertyPath: m_LocalPosition.y
      value: 0
      objectReference: {fileID: 0}
    - target: {fileID: 400004, guid: 9fb0b03283bf0ab4293946c8eb65a4ad, type: 3}
      propertyPath: m_LocalPosition.z
      value: -54.4099998
      objectReference: {fileID: 0}
    - target: {fileID: 400004, guid: 9fb0b03283bf0ab4293946c8eb65a4ad, type: 3}
      propertyPath: m_LocalRotation.x
      value: -.595324039
      objectReference: {fileID: 0}
    - target: {fileID: 400004, guid: 9fb0b03283bf0ab4293946c8eb65a4ad, type: 3}
      propertyPath: m_LocalRotation.y
      value: -.0408061631
      objectReference: {fileID: 0}
    - target: {fileID: 400004, guid: 9fb0b03283bf0ab4293946c8eb65a4ad, type: 3}
      propertyPath: m_LocalRotation.z
      value: -.0174170453
      objectReference: {fileID: 0}
    - target: {fileID: 400004, guid: 9fb0b03283bf0ab4293946c8eb65a4ad, type: 3}
      propertyPath: m_LocalRotation.w
      value: .802259862
      objectReference: {fileID: 0}
    - target: {fileID: 400004, guid: 9fb0b03283bf0ab4293946c8eb65a4ad, type: 3}
      propertyPath: m_RootOrder
      value: 42
      objectReference: {fileID: 0}
    m_RemovedComponents: []
  m_SourcePrefab: {fileID: 100100000, guid: 9fb0b03283bf0ab4293946c8eb65a4ad, type: 3}
--- !u!1001 &665048545
PrefabInstance:
  m_ObjectHideFlags: 0
  serializedVersion: 2
  m_Modification:
    m_TransformParent: {fileID: 0}
    m_Modifications:
    - target: {fileID: 400000, guid: ec0220978b0429644a6b8cf56848b0ed, type: 3}
      propertyPath: m_LocalPosition.x
      value: -112.849998
      objectReference: {fileID: 0}
    - target: {fileID: 400000, guid: ec0220978b0429644a6b8cf56848b0ed, type: 3}
      propertyPath: m_LocalPosition.y
      value: 0
      objectReference: {fileID: 0}
    - target: {fileID: 400000, guid: ec0220978b0429644a6b8cf56848b0ed, type: 3}
      propertyPath: m_LocalPosition.z
      value: -64.9800034
      objectReference: {fileID: 0}
    - target: {fileID: 400000, guid: ec0220978b0429644a6b8cf56848b0ed, type: 3}
      propertyPath: m_LocalRotation.x
      value: 0
      objectReference: {fileID: 0}
    - target: {fileID: 400000, guid: ec0220978b0429644a6b8cf56848b0ed, type: 3}
      propertyPath: m_LocalRotation.y
      value: 0
      objectReference: {fileID: 0}
    - target: {fileID: 400000, guid: ec0220978b0429644a6b8cf56848b0ed, type: 3}
      propertyPath: m_LocalRotation.z
      value: 0
      objectReference: {fileID: 0}
    - target: {fileID: 400000, guid: ec0220978b0429644a6b8cf56848b0ed, type: 3}
      propertyPath: m_LocalRotation.w
      value: 1
      objectReference: {fileID: 0}
    - target: {fileID: 400000, guid: ec0220978b0429644a6b8cf56848b0ed, type: 3}
      propertyPath: m_RootOrder
      value: 3
      objectReference: {fileID: 0}
    m_RemovedComponents: []
  m_SourcePrefab: {fileID: 100100000, guid: ec0220978b0429644a6b8cf56848b0ed, type: 3}
--- !u!1001 &673139233
PrefabInstance:
  m_ObjectHideFlags: 0
  serializedVersion: 2
  m_Modification:
    m_TransformParent: {fileID: 0}
    m_Modifications:
    - target: {fileID: 400004, guid: 1faaa6c297757104c96032feb9c4d2d2, type: 3}
      propertyPath: m_LocalPosition.x
      value: -92.1999969
      objectReference: {fileID: 0}
    - target: {fileID: 400004, guid: 1faaa6c297757104c96032feb9c4d2d2, type: 3}
      propertyPath: m_LocalPosition.y
      value: -0
      objectReference: {fileID: 0}
    - target: {fileID: 400004, guid: 1faaa6c297757104c96032feb9c4d2d2, type: 3}
      propertyPath: m_LocalPosition.z
      value: -72.6999969
      objectReference: {fileID: 0}
    - target: {fileID: 400004, guid: 1faaa6c297757104c96032feb9c4d2d2, type: 3}
      propertyPath: m_LocalRotation.x
      value: -.707106829
      objectReference: {fileID: 0}
    - target: {fileID: 400004, guid: 1faaa6c297757104c96032feb9c4d2d2, type: 3}
      propertyPath: m_LocalRotation.y
      value: 0
      objectReference: {fileID: 0}
    - target: {fileID: 400004, guid: 1faaa6c297757104c96032feb9c4d2d2, type: 3}
      propertyPath: m_LocalRotation.z
      value: 0
      objectReference: {fileID: 0}
    - target: {fileID: 400004, guid: 1faaa6c297757104c96032feb9c4d2d2, type: 3}
      propertyPath: m_LocalRotation.w
      value: .707106829
      objectReference: {fileID: 0}
    - target: {fileID: 400004, guid: 1faaa6c297757104c96032feb9c4d2d2, type: 3}
      propertyPath: m_RootOrder
      value: 41
      objectReference: {fileID: 0}
    m_RemovedComponents: []
  m_SourcePrefab: {fileID: 100100000, guid: 1faaa6c297757104c96032feb9c4d2d2, type: 3}
--- !u!1001 &712145719
PrefabInstance:
  m_ObjectHideFlags: 0
  serializedVersion: 2
  m_Modification:
    m_TransformParent: {fileID: 0}
    m_Modifications:
    - target: {fileID: 400000, guid: f752666737a4bc842a7d40af13a27644, type: 3}
      propertyPath: m_LocalPosition.x
      value: -119.650002
      objectReference: {fileID: 0}
    - target: {fileID: 400000, guid: f752666737a4bc842a7d40af13a27644, type: 3}
      propertyPath: m_LocalPosition.y
      value: 6.57999992
      objectReference: {fileID: 0}
    - target: {fileID: 400000, guid: f752666737a4bc842a7d40af13a27644, type: 3}
      propertyPath: m_LocalPosition.z
      value: -66.8899994
      objectReference: {fileID: 0}
    - target: {fileID: 400000, guid: f752666737a4bc842a7d40af13a27644, type: 3}
      propertyPath: m_LocalRotation.x
      value: -.613089919
      objectReference: {fileID: 0}
    - target: {fileID: 400000, guid: f752666737a4bc842a7d40af13a27644, type: 3}
      propertyPath: m_LocalRotation.y
      value: .411087275
      objectReference: {fileID: 0}
    - target: {fileID: 400000, guid: f752666737a4bc842a7d40af13a27644, type: 3}
      propertyPath: m_LocalRotation.z
      value: -.375710607
      objectReference: {fileID: 0}
    - target: {fileID: 400000, guid: f752666737a4bc842a7d40af13a27644, type: 3}
      propertyPath: m_LocalRotation.w
      value: .560329854
      objectReference: {fileID: 0}
    - target: {fileID: 400000, guid: f752666737a4bc842a7d40af13a27644, type: 3}
      propertyPath: m_RootOrder
      value: 0
      objectReference: {fileID: 0}
    m_RemovedComponents: []
  m_SourcePrefab: {fileID: 100100000, guid: f752666737a4bc842a7d40af13a27644, type: 3}
--- !u!1001 &834759652
PrefabInstance:
  m_ObjectHideFlags: 0
  serializedVersion: 2
  m_Modification:
    m_TransformParent: {fileID: 0}
    m_Modifications:
    - target: {fileID: 400014, guid: 3af7f26234003f847bec102148064788, type: 3}
      propertyPath: m_LocalPosition.x
      value: -101.959999
      objectReference: {fileID: 0}
    - target: {fileID: 400014, guid: 3af7f26234003f847bec102148064788, type: 3}
      propertyPath: m_LocalPosition.y
      value: 0
      objectReference: {fileID: 0}
    - target: {fileID: 400014, guid: 3af7f26234003f847bec102148064788, type: 3}
      propertyPath: m_LocalPosition.z
      value: -67.1200027
      objectReference: {fileID: 0}
    - target: {fileID: 400014, guid: 3af7f26234003f847bec102148064788, type: 3}
      propertyPath: m_LocalRotation.x
      value: 0
      objectReference: {fileID: 0}
    - target: {fileID: 400014, guid: 3af7f26234003f847bec102148064788, type: 3}
      propertyPath: m_LocalRotation.y
      value: -.719440818
      objectReference: {fileID: 0}
    - target: {fileID: 400014, guid: 3af7f26234003f847bec102148064788, type: 3}
      propertyPath: m_LocalRotation.z
      value: 0
      objectReference: {fileID: 0}
    - target: {fileID: 400014, guid: 3af7f26234003f847bec102148064788, type: 3}
      propertyPath: m_LocalRotation.w
      value: .694553792
      objectReference: {fileID: 0}
    - target: {fileID: 400014, guid: 3af7f26234003f847bec102148064788, type: 3}
      propertyPath: m_RootOrder
      value: 7
      objectReference: {fileID: 0}
    m_RemovedComponents: []
  m_SourcePrefab: {fileID: 100100000, guid: 3af7f26234003f847bec102148064788, type: 3}
--- !u!1001 &844939797
PrefabInstance:
  m_ObjectHideFlags: 0
  serializedVersion: 2
  m_Modification:
    m_TransformParent: {fileID: 0}
    m_Modifications:
    - target: {fileID: 400000, guid: bb0eb5a9d3809fb438a4002f82c4e837, type: 3}
      propertyPath: m_LocalPosition.x
      value: -109.559998
      objectReference: {fileID: 0}
    - target: {fileID: 400000, guid: bb0eb5a9d3809fb438a4002f82c4e837, type: 3}
      propertyPath: m_LocalPosition.y
      value: 0
      objectReference: {fileID: 0}
    - target: {fileID: 400000, guid: bb0eb5a9d3809fb438a4002f82c4e837, type: 3}
      propertyPath: m_LocalPosition.z
      value: -69.7699966
      objectReference: {fileID: 0}
    - target: {fileID: 400000, guid: bb0eb5a9d3809fb438a4002f82c4e837, type: 3}
      propertyPath: m_LocalRotation.x
      value: -.0154790524
      objectReference: {fileID: 0}
    - target: {fileID: 400000, guid: bb0eb5a9d3809fb438a4002f82c4e837, type: 3}
      propertyPath: m_LocalRotation.y
      value: -.706937313
      objectReference: {fileID: 0}
    - target: {fileID: 400000, guid: bb0eb5a9d3809fb438a4002f82c4e837, type: 3}
      propertyPath: m_LocalRotation.z
      value: -.706937373
      objectReference: {fileID: 0}
    - target: {fileID: 400000, guid: bb0eb5a9d3809fb438a4002f82c4e837, type: 3}
      propertyPath: m_LocalRotation.w
      value: .0154792201
      objectReference: {fileID: 0}
    - target: {fileID: 400000, guid: bb0eb5a9d3809fb438a4002f82c4e837, type: 3}
      propertyPath: m_RootOrder
      value: 20
      objectReference: {fileID: 0}
    m_RemovedComponents: []
  m_SourcePrefab: {fileID: 100100000, guid: bb0eb5a9d3809fb438a4002f82c4e837, type: 3}
--- !u!1001 &863358827
PrefabInstance:
  m_ObjectHideFlags: 0
  serializedVersion: 2
  m_Modification:
    m_TransformParent: {fileID: 0}
    m_Modifications:
    - target: {fileID: 400000, guid: 064a982b52e18d749b31a60ea633bfa4, type: 3}
      propertyPath: m_LocalPosition.x
      value: -96.9100037
      objectReference: {fileID: 0}
    - target: {fileID: 400000, guid: 064a982b52e18d749b31a60ea633bfa4, type: 3}
      propertyPath: m_LocalPosition.y
      value: 0
      objectReference: {fileID: 0}
    - target: {fileID: 400000, guid: 064a982b52e18d749b31a60ea633bfa4, type: 3}
      propertyPath: m_LocalPosition.z
      value: -61.8800011
      objectReference: {fileID: 0}
    - target: {fileID: 400000, guid: 064a982b52e18d749b31a60ea633bfa4, type: 3}
      propertyPath: m_LocalRotation.x
      value: 0
      objectReference: {fileID: 0}
    - target: {fileID: 400000, guid: 064a982b52e18d749b31a60ea633bfa4, type: 3}
      propertyPath: m_LocalRotation.y
      value: -.727969527
      objectReference: {fileID: 0}
    - target: {fileID: 400000, guid: 064a982b52e18d749b31a60ea633bfa4, type: 3}
      propertyPath: m_LocalRotation.z
      value: 0
      objectReference: {fileID: 0}
    - target: {fileID: 400000, guid: 064a982b52e18d749b31a60ea633bfa4, type: 3}
      propertyPath: m_LocalRotation.w
      value: .685609579
      objectReference: {fileID: 0}
    - target: {fileID: 400000, guid: 064a982b52e18d749b31a60ea633bfa4, type: 3}
      propertyPath: m_RootOrder
      value: 6
      objectReference: {fileID: 0}
    m_RemovedComponents: []
  m_SourcePrefab: {fileID: 100100000, guid: 064a982b52e18d749b31a60ea633bfa4, type: 3}
--- !u!1001 &886256876
PrefabInstance:
  m_ObjectHideFlags: 0
  serializedVersion: 2
  m_Modification:
    m_TransformParent: {fileID: 0}
    m_Modifications:
    - target: {fileID: 400000, guid: ff396ac22acdd174ab16738cd233c08e, type: 3}
      propertyPath: m_LocalPosition.x
      value: -126.510002
      objectReference: {fileID: 0}
    - target: {fileID: 400000, guid: ff396ac22acdd174ab16738cd233c08e, type: 3}
      propertyPath: m_LocalPosition.y
      value: 0
      objectReference: {fileID: 0}
    - target: {fileID: 400000, guid: ff396ac22acdd174ab16738cd233c08e, type: 3}
      propertyPath: m_LocalPosition.z
      value: -65.0999985
      objectReference: {fileID: 0}
    - target: {fileID: 400000, guid: ff396ac22acdd174ab16738cd233c08e, type: 3}
      propertyPath: m_LocalRotation.x
      value: -.707106888
      objectReference: {fileID: 0}
    - target: {fileID: 400000, guid: ff396ac22acdd174ab16738cd233c08e, type: 3}
      propertyPath: m_LocalRotation.y
      value: 3.20280407e-07
      objectReference: {fileID: 0}
    - target: {fileID: 400000, guid: ff396ac22acdd174ab16738cd233c08e, type: 3}
      propertyPath: m_LocalRotation.z
      value: 3.4135374e-07
      objectReference: {fileID: 0}
    - target: {fileID: 400000, guid: ff396ac22acdd174ab16738cd233c08e, type: 3}
      propertyPath: m_LocalRotation.w
      value: .707106769
      objectReference: {fileID: 0}
    - target: {fileID: 400000, guid: ff396ac22acdd174ab16738cd233c08e, type: 3}
      propertyPath: m_RootOrder
      value: 0
      objectReference: {fileID: 0}
    m_RemovedComponents: []
  m_SourcePrefab: {fileID: 100100000, guid: ff396ac22acdd174ab16738cd233c08e, type: 3}
--- !u!1001 &900991874
PrefabInstance:
  m_ObjectHideFlags: 0
  serializedVersion: 2
  m_Modification:
    m_TransformParent: {fileID: 0}
    m_Modifications:
    - target: {fileID: 400000, guid: f42381451253b0546b6c4af6ea93fd06, type: 3}
      propertyPath: m_LocalPosition.x
      value: -121.099998
      objectReference: {fileID: 0}
    - target: {fileID: 400000, guid: f42381451253b0546b6c4af6ea93fd06, type: 3}
      propertyPath: m_LocalPosition.y
      value: 0
      objectReference: {fileID: 0}
    - target: {fileID: 400000, guid: f42381451253b0546b6c4af6ea93fd06, type: 3}
      propertyPath: m_LocalPosition.z
      value: -59.9000015
      objectReference: {fileID: 0}
    - target: {fileID: 400000, guid: f42381451253b0546b6c4af6ea93fd06, type: 3}
      propertyPath: m_LocalRotation.x
      value: -.833786249
      objectReference: {fileID: 0}
    - target: {fileID: 400000, guid: f42381451253b0546b6c4af6ea93fd06, type: 3}
      propertyPath: m_LocalRotation.y
      value: 0
      objectReference: {fileID: 0}
    - target: {fileID: 400000, guid: f42381451253b0546b6c4af6ea93fd06, type: 3}
      propertyPath: m_LocalRotation.z
      value: 0
      objectReference: {fileID: 0}
    - target: {fileID: 400000, guid: f42381451253b0546b6c4af6ea93fd06, type: 3}
      propertyPath: m_LocalRotation.w
      value: .552087486
      objectReference: {fileID: 0}
    - target: {fileID: 400000, guid: f42381451253b0546b6c4af6ea93fd06, type: 3}
      propertyPath: m_RootOrder
      value: 4
      objectReference: {fileID: 0}
    m_RemovedComponents: []
  m_SourcePrefab: {fileID: 100100000, guid: f42381451253b0546b6c4af6ea93fd06, type: 3}
--- !u!1001 &929193457
PrefabInstance:
  m_ObjectHideFlags: 0
  serializedVersion: 2
  m_Modification:
    m_TransformParent: {fileID: 0}
    m_Modifications:
    - target: {fileID: 400030, guid: 814b95ca5315f0946b6410defd1685ac, type: 3}
      propertyPath: m_LocalPosition.x
      value: -85.8000031
      objectReference: {fileID: 0}
    - target: {fileID: 400030, guid: 814b95ca5315f0946b6410defd1685ac, type: 3}
      propertyPath: m_LocalPosition.y
      value: 12
      objectReference: {fileID: 0}
    - target: {fileID: 400030, guid: 814b95ca5315f0946b6410defd1685ac, type: 3}
      propertyPath: m_LocalPosition.z
      value: -70
      objectReference: {fileID: 0}
    - target: {fileID: 400030, guid: 814b95ca5315f0946b6410defd1685ac, type: 3}
      propertyPath: m_LocalRotation.x
      value: 0
      objectReference: {fileID: 0}
    - target: {fileID: 400030, guid: 814b95ca5315f0946b6410defd1685ac, type: 3}
      propertyPath: m_LocalRotation.y
      value: -.548321068
      objectReference: {fileID: 0}
    - target: {fileID: 400030, guid: 814b95ca5315f0946b6410defd1685ac, type: 3}
      propertyPath: m_LocalRotation.z
      value: 0
      objectReference: {fileID: 0}
    - target: {fileID: 400030, guid: 814b95ca5315f0946b6410defd1685ac, type: 3}
      propertyPath: m_LocalRotation.w
      value: .836267948
      objectReference: {fileID: 0}
    - target: {fileID: 400030, guid: 814b95ca5315f0946b6410defd1685ac, type: 3}
      propertyPath: m_RootOrder
      value: 21
      objectReference: {fileID: 0}
    m_RemovedComponents: []
  m_SourcePrefab: {fileID: 100100000, guid: 814b95ca5315f0946b6410defd1685ac, type: 3}
--- !u!1001 &984632139
PrefabInstance:
  m_ObjectHideFlags: 0
  serializedVersion: 2
  m_Modification:
    m_TransformParent: {fileID: 0}
    m_Modifications:
    - target: {fileID: 433072, guid: 884a94ab0f5ce4f40bbdfc4286806dd6, type: 3}
      propertyPath: m_LocalPosition.x
      value: -87.0699997
      objectReference: {fileID: 0}
    - target: {fileID: 433072, guid: 884a94ab0f5ce4f40bbdfc4286806dd6, type: 3}
      propertyPath: m_LocalPosition.y
      value: -0
      objectReference: {fileID: 0}
    - target: {fileID: 433072, guid: 884a94ab0f5ce4f40bbdfc4286806dd6, type: 3}
      propertyPath: m_LocalPosition.z
      value: -60.5499992
      objectReference: {fileID: 0}
    - target: {fileID: 433072, guid: 884a94ab0f5ce4f40bbdfc4286806dd6, type: 3}
      propertyPath: m_LocalRotation.x
      value: -.707106829
      objectReference: {fileID: 0}
    - target: {fileID: 433072, guid: 884a94ab0f5ce4f40bbdfc4286806dd6, type: 3}
      propertyPath: m_LocalRotation.y
      value: 0
      objectReference: {fileID: 0}
    - target: {fileID: 433072, guid: 884a94ab0f5ce4f40bbdfc4286806dd6, type: 3}
      propertyPath: m_LocalRotation.z
      value: -0
      objectReference: {fileID: 0}
    - target: {fileID: 433072, guid: 884a94ab0f5ce4f40bbdfc4286806dd6, type: 3}
      propertyPath: m_LocalRotation.w
      value: .707106829
      objectReference: {fileID: 0}
    - target: {fileID: 433072, guid: 884a94ab0f5ce4f40bbdfc4286806dd6, type: 3}
      propertyPath: m_RootOrder
      value: 24
      objectReference: {fileID: 0}
    m_RemovedComponents: []
  m_SourcePrefab: {fileID: 100100000, guid: 884a94ab0f5ce4f40bbdfc4286806dd6, type: 3}
--- !u!1001 &993586927
PrefabInstance:
  m_ObjectHideFlags: 0
  serializedVersion: 2
  m_Modification:
    m_TransformParent: {fileID: 0}
    m_Modifications:
    - target: {fileID: 400004, guid: 0a6fce887eb7ee74c9dd14b176593e16, type: 3}
      propertyPath: m_LocalPosition.x
      value: -114.669998
      objectReference: {fileID: 0}
    - target: {fileID: 400004, guid: 0a6fce887eb7ee74c9dd14b176593e16, type: 3}
      propertyPath: m_LocalPosition.y
      value: 8.63000011
      objectReference: {fileID: 0}
    - target: {fileID: 400004, guid: 0a6fce887eb7ee74c9dd14b176593e16, type: 3}
      propertyPath: m_LocalPosition.z
      value: -67.3000031
      objectReference: {fileID: 0}
    - target: {fileID: 400004, guid: 0a6fce887eb7ee74c9dd14b176593e16, type: 3}
      propertyPath: m_LocalRotation.x
      value: 0
      objectReference: {fileID: 0}
    - target: {fileID: 400004, guid: 0a6fce887eb7ee74c9dd14b176593e16, type: 3}
      propertyPath: m_LocalRotation.y
      value: .70710665
      objectReference: {fileID: 0}
    - target: {fileID: 400004, guid: 0a6fce887eb7ee74c9dd14b176593e16, type: 3}
      propertyPath: m_LocalRotation.z
      value: 0
      objectReference: {fileID: 0}
    - target: {fileID: 400004, guid: 0a6fce887eb7ee74c9dd14b176593e16, type: 3}
      propertyPath: m_LocalRotation.w
      value: .707106948
      objectReference: {fileID: 0}
    - target: {fileID: 400004, guid: 0a6fce887eb7ee74c9dd14b176593e16, type: 3}
      propertyPath: m_RootOrder
      value: 31
      objectReference: {fileID: 0}
    m_RemovedComponents: []
  m_SourcePrefab: {fileID: 100100000, guid: 0a6fce887eb7ee74c9dd14b176593e16, type: 3}
--- !u!1001 &1003827144
PrefabInstance:
  m_ObjectHideFlags: 0
  serializedVersion: 2
  m_Modification:
    m_TransformParent: {fileID: 0}
    m_Modifications:
    - target: {fileID: 400000, guid: de0a1dbedb484404cb9bede2461dda09, type: 3}
      propertyPath: m_LocalPosition.x
      value: -121.68
      objectReference: {fileID: 0}
    - target: {fileID: 400000, guid: de0a1dbedb484404cb9bede2461dda09, type: 3}
      propertyPath: m_LocalPosition.y
      value: 0
      objectReference: {fileID: 0}
    - target: {fileID: 400000, guid: de0a1dbedb484404cb9bede2461dda09, type: 3}
      propertyPath: m_LocalPosition.z
      value: -55.6300011
      objectReference: {fileID: 0}
    - target: {fileID: 400000, guid: de0a1dbedb484404cb9bede2461dda09, type: 3}
      propertyPath: m_LocalRotation.x
      value: -.706899464
      objectReference: {fileID: 0}
    - target: {fileID: 400000, guid: de0a1dbedb484404cb9bede2461dda09, type: 3}
      propertyPath: m_LocalRotation.y
      value: .0171212852
      objectReference: {fileID: 0}
    - target: {fileID: 400000, guid: de0a1dbedb484404cb9bede2461dda09, type: 3}
      propertyPath: m_LocalRotation.z
      value: .0171212573
      objectReference: {fileID: 0}
    - target: {fileID: 400000, guid: de0a1dbedb484404cb9bede2461dda09, type: 3}
      propertyPath: m_LocalRotation.w
      value: .706899524
      objectReference: {fileID: 0}
    - target: {fileID: 400000, guid: de0a1dbedb484404cb9bede2461dda09, type: 3}
      propertyPath: m_RootOrder
      value: 0
      objectReference: {fileID: 0}
    m_RemovedComponents: []
  m_SourcePrefab: {fileID: 100100000, guid: de0a1dbedb484404cb9bede2461dda09, type: 3}
--- !u!1001 &1070404119
PrefabInstance:
  m_ObjectHideFlags: 0
  serializedVersion: 2
  m_Modification:
    m_TransformParent: {fileID: 0}
    m_Modifications:
    - target: {fileID: 400006, guid: 5d36cfe64bf105548948e6ba2b1fade9, type: 3}
      propertyPath: m_LocalPosition.x
      value: -121.389999
      objectReference: {fileID: 0}
    - target: {fileID: 400006, guid: 5d36cfe64bf105548948e6ba2b1fade9, type: 3}
      propertyPath: m_LocalPosition.y
      value: 0
      objectReference: {fileID: 0}
    - target: {fileID: 400006, guid: 5d36cfe64bf105548948e6ba2b1fade9, type: 3}
      propertyPath: m_LocalPosition.z
      value: -63.9099998
      objectReference: {fileID: 0}
    - target: {fileID: 400006, guid: 5d36cfe64bf105548948e6ba2b1fade9, type: 3}
      propertyPath: m_LocalRotation.x
      value: 0
      objectReference: {fileID: 0}
    - target: {fileID: 400006, guid: 5d36cfe64bf105548948e6ba2b1fade9, type: 3}
      propertyPath: m_LocalRotation.y
      value: -2.95473619e-08
      objectReference: {fileID: 0}
    - target: {fileID: 400006, guid: 5d36cfe64bf105548948e6ba2b1fade9, type: 3}
      propertyPath: m_LocalRotation.z
      value: 0
      objectReference: {fileID: 0}
    - target: {fileID: 400006, guid: 5d36cfe64bf105548948e6ba2b1fade9, type: 3}
      propertyPath: m_LocalRotation.w
      value: 1
      objectReference: {fileID: 0}
    - target: {fileID: 400006, guid: 5d36cfe64bf105548948e6ba2b1fade9, type: 3}
      propertyPath: m_RootOrder
      value: 10
      objectReference: {fileID: 0}
    m_RemovedComponents: []
  m_SourcePrefab: {fileID: 100100000, guid: 5d36cfe64bf105548948e6ba2b1fade9, type: 3}
--- !u!1001 &1164944729
PrefabInstance:
  m_ObjectHideFlags: 0
  serializedVersion: 2
  m_Modification:
    m_TransformParent: {fileID: 0}
    m_Modifications:
    - target: {fileID: 418404, guid: 3e98ad18e9a9c5640a9b3defce6b2e26, type: 3}
      propertyPath: m_LocalPosition.x
      value: -116.970001
      objectReference: {fileID: 0}
    - target: {fileID: 418404, guid: 3e98ad18e9a9c5640a9b3defce6b2e26, type: 3}
      propertyPath: m_LocalPosition.y
      value: -0
      objectReference: {fileID: 0}
    - target: {fileID: 418404, guid: 3e98ad18e9a9c5640a9b3defce6b2e26, type: 3}
      propertyPath: m_LocalPosition.z
      value: -58.1899986
      objectReference: {fileID: 0}
    - target: {fileID: 418404, guid: 3e98ad18e9a9c5640a9b3defce6b2e26, type: 3}
      propertyPath: m_LocalRotation.x
      value: -4.90882144e-07
      objectReference: {fileID: 0}
    - target: {fileID: 418404, guid: 3e98ad18e9a9c5640a9b3defce6b2e26, type: 3}
      propertyPath: m_LocalRotation.y
      value: -.707106888
      objectReference: {fileID: 0}
    - target: {fileID: 418404, guid: 3e98ad18e9a9c5640a9b3defce6b2e26, type: 3}
      propertyPath: m_LocalRotation.z
      value: -.707106709
      objectReference: {fileID: 0}
    - target: {fileID: 418404, guid: 3e98ad18e9a9c5640a9b3defce6b2e26, type: 3}
      propertyPath: m_LocalRotation.w
      value: 7.69479129e-07
      objectReference: {fileID: 0}
    - target: {fileID: 418404, guid: 3e98ad18e9a9c5640a9b3defce6b2e26, type: 3}
      propertyPath: m_RootOrder
      value: 0
      objectReference: {fileID: 0}
    m_RemovedComponents: []
  m_SourcePrefab: {fileID: 100100000, guid: 3e98ad18e9a9c5640a9b3defce6b2e26, type: 3}
--- !u!1001 &1197848565
PrefabInstance:
  m_ObjectHideFlags: 0
  serializedVersion: 2
  m_Modification:
    m_TransformParent: {fileID: 0}
    m_Modifications:
    - target: {fileID: 400000, guid: 7dcb32831b5d90743af3ec462ccf4554, type: 3}
      propertyPath: m_LocalPosition.x
      value: -125.650002
      objectReference: {fileID: 0}
    - target: {fileID: 400000, guid: 7dcb32831b5d90743af3ec462ccf4554, type: 3}
      propertyPath: m_LocalPosition.y
      value: 0
      objectReference: {fileID: 0}
    - target: {fileID: 400000, guid: 7dcb32831b5d90743af3ec462ccf4554, type: 3}
      propertyPath: m_LocalPosition.z
      value: -57.9099998
      objectReference: {fileID: 0}
    - target: {fileID: 400000, guid: 7dcb32831b5d90743af3ec462ccf4554, type: 3}
      propertyPath: m_LocalRotation.x
      value: 0
      objectReference: {fileID: 0}
    - target: {fileID: 400000, guid: 7dcb32831b5d90743af3ec462ccf4554, type: 3}
      propertyPath: m_LocalRotation.y
      value: 0
      objectReference: {fileID: 0}
    - target: {fileID: 400000, guid: 7dcb32831b5d90743af3ec462ccf4554, type: 3}
      propertyPath: m_LocalRotation.z
      value: 0
      objectReference: {fileID: 0}
    - target: {fileID: 400000, guid: 7dcb32831b5d90743af3ec462ccf4554, type: 3}
      propertyPath: m_LocalRotation.w
      value: 1
      objectReference: {fileID: 0}
    - target: {fileID: 400000, guid: 7dcb32831b5d90743af3ec462ccf4554, type: 3}
      propertyPath: m_RootOrder
      value: 0
      objectReference: {fileID: 0}
    m_RemovedComponents: []
  m_SourcePrefab: {fileID: 100100000, guid: 7dcb32831b5d90743af3ec462ccf4554, type: 3}
--- !u!1 &1248684418
GameObject:
  m_ObjectHideFlags: 0
  m_CorrespondingSourceObject: {fileID: 0}
  m_PrefabInstance: {fileID: 0}
  m_PrefabAsset: {fileID: 0}
  serializedVersion: 6
  m_Component:
  - component: {fileID: 1248684420}
  - component: {fileID: 1248684419}
  m_Layer: 0
  m_Name: Directional light
  m_TagString: Untagged
  m_Icon: {fileID: 0}
  m_NavMeshLayer: 0
  m_StaticEditorFlags: 0
  m_IsActive: 1
--- !u!108 &1248684419
Light:
  m_ObjectHideFlags: 0
  m_CorrespondingSourceObject: {fileID: 0}
  m_PrefabInstance: {fileID: 0}
  m_PrefabAsset: {fileID: 0}
  m_GameObject: {fileID: 1248684418}
  m_Enabled: 1
  serializedVersion: 9
  m_Type: 1
  m_Color: {r: 0.17841695, g: 0.34355983, b: 0.7352941, a: 1}
  m_Intensity: 0.99999994
  m_Range: 10
  m_SpotAngle: 30
  m_InnerSpotAngle: 21.80208
  m_CookieSize: 10
  m_Shadows:
    m_Type: 0
    m_Resolution: -1
    m_CustomResolution: -1
    m_Strength: 1
    m_Bias: 0.05
    m_NormalBias: 0.4
    m_NearPlane: 0.2
    m_CullingMatrixOverride:
      e00: 1
      e01: 0
      e02: 0
      e03: 0
      e10: 0
      e11: 1
      e12: 0
      e13: 0
      e20: 0
      e21: 0
      e22: 1
      e23: 0
      e30: 0
      e31: 0
      e32: 0
      e33: 1
    m_UseCullingMatrixOverride: 0
  m_Cookie: {fileID: 0}
  m_DrawHalo: 0
  m_Flare: {fileID: 0}
  m_RenderMode: 0
  m_CullingMask:
    serializedVersion: 2
    m_Bits: 4294967295
  m_RenderingLayerMask: 1
  m_Lightmapping: 1
  m_LightShadowCasterMode: 0
  m_AreaSize: {x: 1, y: 1}
  m_BounceIntensity: 1
  m_ColorTemperature: 6570
  m_UseColorTemperature: 0
  m_BoundingSphereOverride: {x: 0, y: 0, z: 0, w: 0}
  m_UseBoundingSphereOverride: 0
  m_ShadowRadius: 0
  m_ShadowAngle: 0
--- !u!4 &1248684420
Transform:
  m_ObjectHideFlags: 0
  m_CorrespondingSourceObject: {fileID: 0}
  m_PrefabInstance: {fileID: 0}
  m_PrefabAsset: {fileID: 0}
  m_GameObject: {fileID: 1248684418}
  m_LocalRotation: {x: -0.14806922, y: 0.82612145, z: -0.25456768, w: -0.48041052}
  m_LocalPosition: {x: -71.515144, y: 21.93468, z: -53.136513}
  m_LocalScale: {x: 1, y: 1, z: 1}
  m_Children: []
  m_Father: {fileID: 0}
  m_RootOrder: 45
  m_LocalEulerAnglesHint: {x: 0, y: 0, z: 0}
--- !u!1001 &1309270920
PrefabInstance:
  m_ObjectHideFlags: 0
  serializedVersion: 2
  m_Modification:
    m_TransformParent: {fileID: 0}
    m_Modifications:
    - target: {fileID: 400000, guid: ef2bf67506580b34586f0a0fabec34b3, type: 3}
      propertyPath: m_LocalPosition.x
      value: -97.5100021
      objectReference: {fileID: 0}
    - target: {fileID: 400000, guid: ef2bf67506580b34586f0a0fabec34b3, type: 3}
      propertyPath: m_LocalPosition.y
      value: 4.32999992
      objectReference: {fileID: 0}
    - target: {fileID: 400000, guid: ef2bf67506580b34586f0a0fabec34b3, type: 3}
      propertyPath: m_LocalPosition.z
      value: -48.4599991
      objectReference: {fileID: 0}
    - target: {fileID: 400000, guid: ef2bf67506580b34586f0a0fabec34b3, type: 3}
      propertyPath: m_LocalRotation.x
      value: -.725876629
      objectReference: {fileID: 0}
    - target: {fileID: 400000, guid: ef2bf67506580b34586f0a0fabec34b3, type: 3}
      propertyPath: m_LocalRotation.y
      value: .134071663
      objectReference: {fileID: 0}
    - target: {fileID: 400000, guid: ef2bf67506580b34586f0a0fabec34b3, type: 3}
      propertyPath: m_LocalRotation.z
      value: -.122533962
      objectReference: {fileID: 0}
    - target: {fileID: 400000, guid: ef2bf67506580b34586f0a0fabec34b3, type: 3}
      propertyPath: m_LocalRotation.w
      value: .663410485
      objectReference: {fileID: 0}
    - target: {fileID: 400000, guid: ef2bf67506580b34586f0a0fabec34b3, type: 3}
      propertyPath: m_RootOrder
      value: 0
      objectReference: {fileID: 0}
    m_RemovedComponents: []
  m_SourcePrefab: {fileID: 100100000, guid: ef2bf67506580b34586f0a0fabec34b3, type: 3}
--- !u!1001 &1365638488
PrefabInstance:
  m_ObjectHideFlags: 0
  serializedVersion: 2
  m_Modification:
    m_TransformParent: {fileID: 0}
    m_Modifications:
    - target: {fileID: 400000, guid: aa3e05f14ee5ea24db2692986b55cfa5, type: 3}
      propertyPath: m_LocalPosition.x
      value: -84.0500031
      objectReference: {fileID: 0}
    - target: {fileID: 400000, guid: aa3e05f14ee5ea24db2692986b55cfa5, type: 3}
      propertyPath: m_LocalPosition.y
      value: 0
      objectReference: {fileID: 0}
    - target: {fileID: 400000, guid: aa3e05f14ee5ea24db2692986b55cfa5, type: 3}
      propertyPath: m_LocalPosition.z
      value: -74.3399963
      objectReference: {fileID: 0}
    - target: {fileID: 400000, guid: aa3e05f14ee5ea24db2692986b55cfa5, type: 3}
      propertyPath: m_LocalRotation.x
      value: -.682343066
      objectReference: {fileID: 0}
    - target: {fileID: 400000, guid: aa3e05f14ee5ea24db2692986b55cfa5, type: 3}
      propertyPath: m_LocalRotation.y
      value: .0519741885
      objectReference: {fileID: 0}
    - target: {fileID: 400000, guid: aa3e05f14ee5ea24db2692986b55cfa5, type: 3}
      propertyPath: m_LocalRotation.z
      value: .0920682698
      objectReference: {fileID: 0}
    - target: {fileID: 400000, guid: aa3e05f14ee5ea24db2692986b55cfa5, type: 3}
      propertyPath: m_LocalRotation.w
      value: .723346412
      objectReference: {fileID: 0}
    - target: {fileID: 400000, guid: aa3e05f14ee5ea24db2692986b55cfa5, type: 3}
      propertyPath: m_RootOrder
      value: 0
      objectReference: {fileID: 0}
    m_RemovedComponents: []
  m_SourcePrefab: {fileID: 100100000, guid: aa3e05f14ee5ea24db2692986b55cfa5, type: 3}
--- !u!1001 &1396521285
PrefabInstance:
  m_ObjectHideFlags: 0
  serializedVersion: 2
  m_Modification:
    m_TransformParent: {fileID: 0}
    m_Modifications:
    - target: {fileID: 400000, guid: 3d67dce49afd74f47a89a692a7aa35a6, type: 3}
      propertyPath: m_LocalPosition.x
      value: -119
      objectReference: {fileID: 0}
    - target: {fileID: 400000, guid: 3d67dce49afd74f47a89a692a7aa35a6, type: 3}
      propertyPath: m_LocalPosition.y
      value: 0
      objectReference: {fileID: 0}
    - target: {fileID: 400000, guid: 3d67dce49afd74f47a89a692a7aa35a6, type: 3}
      propertyPath: m_LocalPosition.z
      value: -65.8000031
      objectReference: {fileID: 0}
    - target: {fileID: 400000, guid: 3d67dce49afd74f47a89a692a7aa35a6, type: 3}
      propertyPath: m_LocalRotation.x
      value: 0
      objectReference: {fileID: 0}
    - target: {fileID: 400000, guid: 3d67dce49afd74f47a89a692a7aa35a6, type: 3}
      propertyPath: m_LocalRotation.y
      value: .00808100309
      objectReference: {fileID: 0}
    - target: {fileID: 400000, guid: 3d67dce49afd74f47a89a692a7aa35a6, type: 3}
      propertyPath: m_LocalRotation.z
      value: 0
      objectReference: {fileID: 0}
    - target: {fileID: 400000, guid: 3d67dce49afd74f47a89a692a7aa35a6, type: 3}
      propertyPath: m_LocalRotation.w
      value: .999967337
      objectReference: {fileID: 0}
    - target: {fileID: 400000, guid: 3d67dce49afd74f47a89a692a7aa35a6, type: 3}
      propertyPath: m_RootOrder
      value: 11
      objectReference: {fileID: 0}
    m_RemovedComponents: []
  m_SourcePrefab: {fileID: 100100000, guid: 3d67dce49afd74f47a89a692a7aa35a6, type: 3}
--- !u!1001 &1416187439
PrefabInstance:
  m_ObjectHideFlags: 0
  serializedVersion: 2
  m_Modification:
    m_TransformParent: {fileID: 0}
    m_Modifications:
    - target: {fileID: 400000, guid: 064a982b52e18d749b31a60ea633bfa4, type: 3}
      propertyPath: m_LocalPosition.x
      value: -95.4100037
      objectReference: {fileID: 0}
    - target: {fileID: 400000, guid: 064a982b52e18d749b31a60ea633bfa4, type: 3}
      propertyPath: m_LocalPosition.y
      value: 0
      objectReference: {fileID: 0}
    - target: {fileID: 400000, guid: 064a982b52e18d749b31a60ea633bfa4, type: 3}
      propertyPath: m_LocalPosition.z
      value: -61.8800011
      objectReference: {fileID: 0}
    - target: {fileID: 400000, guid: 064a982b52e18d749b31a60ea633bfa4, type: 3}
      propertyPath: m_LocalRotation.x
      value: 0
      objectReference: {fileID: 0}
    - target: {fileID: 400000, guid: 064a982b52e18d749b31a60ea633bfa4, type: 3}
      propertyPath: m_LocalRotation.y
      value: -.727969527
      objectReference: {fileID: 0}
    - target: {fileID: 400000, guid: 064a982b52e18d749b31a60ea633bfa4, type: 3}
      propertyPath: m_LocalRotation.z
      value: 0
      objectReference: {fileID: 0}
    - target: {fileID: 400000, guid: 064a982b52e18d749b31a60ea633bfa4, type: 3}
      propertyPath: m_LocalRotation.w
      value: .685609579
      objectReference: {fileID: 0}
    - target: {fileID: 400000, guid: 064a982b52e18d749b31a60ea633bfa4, type: 3}
      propertyPath: m_RootOrder
      value: 9
      objectReference: {fileID: 0}
    m_RemovedComponents: []
  m_SourcePrefab: {fileID: 100100000, guid: 064a982b52e18d749b31a60ea633bfa4, type: 3}
--- !u!1001 &1442282755
PrefabInstance:
  m_ObjectHideFlags: 0
  serializedVersion: 2
  m_Modification:
    m_TransformParent: {fileID: 0}
    m_Modifications:
    - target: {fileID: 400000, guid: 08f4445b3ea54e446bb708ca0dc10ad7, type: 3}
      propertyPath: m_LocalPosition.x
      value: -108.629997
      objectReference: {fileID: 0}
    - target: {fileID: 400000, guid: 08f4445b3ea54e446bb708ca0dc10ad7, type: 3}
      propertyPath: m_LocalPosition.y
      value: -0
      objectReference: {fileID: 0}
    - target: {fileID: 400000, guid: 08f4445b3ea54e446bb708ca0dc10ad7, type: 3}
      propertyPath: m_LocalPosition.z
      value: -50.9599991
      objectReference: {fileID: 0}
    - target: {fileID: 400000, guid: 08f4445b3ea54e446bb708ca0dc10ad7, type: 3}
      propertyPath: m_LocalRotation.x
      value: -.707106829
      objectReference: {fileID: 0}
    - target: {fileID: 400000, guid: 08f4445b3ea54e446bb708ca0dc10ad7, type: 3}
      propertyPath: m_LocalRotation.y
      value: 0
      objectReference: {fileID: 0}
    - target: {fileID: 400000, guid: 08f4445b3ea54e446bb708ca0dc10ad7, type: 3}
      propertyPath: m_LocalRotation.z
      value: 0
      objectReference: {fileID: 0}
    - target: {fileID: 400000, guid: 08f4445b3ea54e446bb708ca0dc10ad7, type: 3}
      propertyPath: m_LocalRotation.w
      value: .707106829
      objectReference: {fileID: 0}
    - target: {fileID: 400000, guid: 08f4445b3ea54e446bb708ca0dc10ad7, type: 3}
      propertyPath: m_RootOrder
      value: 12
      objectReference: {fileID: 0}
    m_RemovedComponents: []
  m_SourcePrefab: {fileID: 100100000, guid: 08f4445b3ea54e446bb708ca0dc10ad7, type: 3}
--- !u!1001 &1555049657
PrefabInstance:
  m_ObjectHideFlags: 0
  serializedVersion: 2
  m_Modification:
    m_TransformParent: {fileID: 0}
    m_Modifications:
    - target: {fileID: 400000, guid: 25d27dfb04eb6b541830cf7ca5c3623b, type: 3}
      propertyPath: m_LocalPosition.x
      value: -106.160004
      objectReference: {fileID: 0}
    - target: {fileID: 400000, guid: 25d27dfb04eb6b541830cf7ca5c3623b, type: 3}
      propertyPath: m_LocalPosition.y
      value: 0
      objectReference: {fileID: 0}
    - target: {fileID: 400000, guid: 25d27dfb04eb6b541830cf7ca5c3623b, type: 3}
      propertyPath: m_LocalPosition.z
      value: -51.1800003
      objectReference: {fileID: 0}
    - target: {fileID: 400000, guid: 25d27dfb04eb6b541830cf7ca5c3623b, type: 3}
      propertyPath: m_LocalRotation.x
      value: 0
      objectReference: {fileID: 0}
    - target: {fileID: 400000, guid: 25d27dfb04eb6b541830cf7ca5c3623b, type: 3}
      propertyPath: m_LocalRotation.y
      value: -.38268292
      objectReference: {fileID: 0}
    - target: {fileID: 400000, guid: 25d27dfb04eb6b541830cf7ca5c3623b, type: 3}
      propertyPath: m_LocalRotation.z
      value: 0
      objectReference: {fileID: 0}
    - target: {fileID: 400000, guid: 25d27dfb04eb6b541830cf7ca5c3623b, type: 3}
      propertyPath: m_LocalRotation.w
      value: .923879802
      objectReference: {fileID: 0}
    - target: {fileID: 400000, guid: 25d27dfb04eb6b541830cf7ca5c3623b, type: 3}
      propertyPath: m_RootOrder
      value: 0
      objectReference: {fileID: 0}
    m_RemovedComponents: []
  m_SourcePrefab: {fileID: 100100000, guid: 25d27dfb04eb6b541830cf7ca5c3623b, type: 3}
--- !u!1 &1557284334
GameObject:
  m_ObjectHideFlags: 0
  m_CorrespondingSourceObject: {fileID: 0}
  m_PrefabInstance: {fileID: 0}
  m_PrefabAsset: {fileID: 0}
  serializedVersion: 6
  m_Component:
  - component: {fileID: 1557284336}
  - component: {fileID: 1557284335}
  m_Layer: 0
  m_Name: Directional light
  m_TagString: Untagged
  m_Icon: {fileID: 0}
  m_NavMeshLayer: 0
  m_StaticEditorFlags: 0
  m_IsActive: 1
--- !u!108 &1557284335
Light:
  m_ObjectHideFlags: 0
  m_CorrespondingSourceObject: {fileID: 0}
  m_PrefabInstance: {fileID: 0}
  m_PrefabAsset: {fileID: 0}
  m_GameObject: {fileID: 1557284334}
  m_Enabled: 1
  serializedVersion: 9
  m_Type: 1
  m_Color: {r: 0.77205884, g: 0.6560151, b: 0.44847536, a: 1}
  m_Intensity: 1.1876975
  m_Range: 10
  m_SpotAngle: 30
  m_InnerSpotAngle: 21.80208
  m_CookieSize: 10
  m_Shadows:
    m_Type: 1
    m_Resolution: -1
    m_CustomResolution: -1
    m_Strength: 1
    m_Bias: 0.05
    m_NormalBias: 0.4
    m_NearPlane: 0.2
    m_CullingMatrixOverride:
      e00: 1
      e01: 0
      e02: 0
      e03: 0
      e10: 0
      e11: 1
      e12: 0
      e13: 0
      e20: 0
      e21: 0
      e22: 1
      e23: 0
      e30: 0
      e31: 0
      e32: 0
      e33: 1
    m_UseCullingMatrixOverride: 0
  m_Cookie: {fileID: 0}
  m_DrawHalo: 0
  m_Flare: {fileID: 0}
  m_RenderMode: 0
  m_CullingMask:
    serializedVersion: 2
    m_Bits: 4294967295
  m_RenderingLayerMask: 1
  m_Lightmapping: 1
  m_LightShadowCasterMode: 0
  m_AreaSize: {x: 1, y: 1}
  m_BounceIntensity: 1
  m_ColorTemperature: 6570
  m_UseColorTemperature: 0
  m_BoundingSphereOverride: {x: 0, y: 0, z: 0, w: 0}
  m_UseBoundingSphereOverride: 0
  m_ShadowRadius: 0
  m_ShadowAngle: 0
--- !u!4 &1557284336
Transform:
  m_ObjectHideFlags: 0
  m_CorrespondingSourceObject: {fileID: 0}
  m_PrefabInstance: {fileID: 0}
  m_PrefabAsset: {fileID: 0}
  m_GameObject: {fileID: 1557284334}
  m_LocalRotation: {x: 0.11610729, y: 0.88051957, z: -0.2815118, w: 0.36325678}
  m_LocalPosition: {x: -134.5416, y: 27.231451, z: -41.99164}
  m_LocalScale: {x: 1, y: 1, z: 1}
  m_Children: []
  m_Father: {fileID: 0}
  m_RootOrder: 44
  m_LocalEulerAnglesHint: {x: 0, y: 0, z: 0}
--- !u!1 &1611675770
GameObject:
  m_ObjectHideFlags: 0
  m_CorrespondingSourceObject: {fileID: 0}
  m_PrefabInstance: {fileID: 0}
  m_PrefabAsset: {fileID: 0}
  serializedVersion: 6
  m_Component:
  - component: {fileID: 1611675775}
  - component: {fileID: 1611675774}
  - component: {fileID: 1611675772}
  - component: {fileID: 1611675771}
  m_Layer: 0
  m_Name: Main Camera
  m_TagString: MainCamera
  m_Icon: {fileID: 0}
  m_NavMeshLayer: 0
  m_StaticEditorFlags: 0
  m_IsActive: 1
--- !u!81 &1611675771
AudioListener:
  m_ObjectHideFlags: 0
  m_CorrespondingSourceObject: {fileID: 0}
  m_PrefabInstance: {fileID: 0}
  m_PrefabAsset: {fileID: 0}
  m_GameObject: {fileID: 1611675770}
  m_Enabled: 1
--- !u!124 &1611675772
Behaviour:
  m_ObjectHideFlags: 0
  m_CorrespondingSourceObject: {fileID: 0}
  m_PrefabInstance: {fileID: 0}
  m_PrefabAsset: {fileID: 0}
  m_GameObject: {fileID: 1611675770}
  m_Enabled: 1
--- !u!20 &1611675774
Camera:
  m_ObjectHideFlags: 0
  m_CorrespondingSourceObject: {fileID: 0}
  m_PrefabInstance: {fileID: 0}
  m_PrefabAsset: {fileID: 0}
  m_GameObject: {fileID: 1611675770}
  m_Enabled: 1
  serializedVersion: 2
  m_ClearFlags: 1
  m_BackGroundColor: {r: 0.19215687, g: 0.3019608, b: 0.4745098, a: 0.019607844}
  m_projectionMatrixMode: 1
  m_GateFitMode: 2
  m_FOVAxisMode: 0
  m_SensorSize: {x: 36, y: 24}
  m_LensShift: {x: 0, y: 0}
  m_FocalLength: 50
  m_NormalizedViewPortRect:
    serializedVersion: 2
    x: 0
    y: 0
    width: 1
    height: 1
  near clip plane: 0.3
  far clip plane: 1000
  field of view: 60
  orthographic: 0
  orthographic size: 5
  m_Depth: -1
  m_CullingMask:
    serializedVersion: 2
    m_Bits: 4294967295
  m_RenderingPath: -1
  m_TargetTexture: {fileID: 0}
  m_TargetDisplay: 0
  m_TargetEye: 3
  m_HDR: 0
  m_AllowMSAA: 1
  m_AllowDynamicResolution: 0
  m_ForceIntoRT: 0
  m_OcclusionCulling: 1
  m_StereoConvergence: 10
  m_StereoSeparation: 0.022
--- !u!4 &1611675775
Transform:
  m_ObjectHideFlags: 0
  m_CorrespondingSourceObject: {fileID: 0}
  m_PrefabInstance: {fileID: 0}
  m_PrefabAsset: {fileID: 0}
  m_GameObject: {fileID: 1611675770}
  m_LocalRotation: {x: 0.07193505, y: 0.9277751, z: -0.24662633, w: 0.27061832}
  m_LocalPosition: {x: -124.74641, y: 10.918822, z: -46.111298}
  m_LocalScale: {x: 1, y: 1, z: 1}
  m_Children: []
  m_Father: {fileID: 0}
  m_RootOrder: 43
  m_LocalEulerAnglesHint: {x: 0, y: 0, z: 0}
--- !u!1001 &1696745705
PrefabInstance:
  m_ObjectHideFlags: 0
  serializedVersion: 2
  m_Modification:
    m_TransformParent: {fileID: 0}
    m_Modifications:
    - target: {fileID: 400000, guid: 32426f0a36a977e41a95a027768c486b, type: 3}
      propertyPath: m_LocalPosition.x
      value: -121.150002
      objectReference: {fileID: 0}
    - target: {fileID: 400000, guid: 32426f0a36a977e41a95a027768c486b, type: 3}
      propertyPath: m_LocalPosition.y
      value: 0
      objectReference: {fileID: 0}
    - target: {fileID: 400000, guid: 32426f0a36a977e41a95a027768c486b, type: 3}
      propertyPath: m_LocalPosition.z
      value: -53.0099983
      objectReference: {fileID: 0}
    - target: {fileID: 400000, guid: 32426f0a36a977e41a95a027768c486b, type: 3}
      propertyPath: m_LocalRotation.x
      value: 0
      objectReference: {fileID: 0}
    - target: {fileID: 400000, guid: 32426f0a36a977e41a95a027768c486b, type: 3}
      propertyPath: m_LocalRotation.y
      value: 0
      objectReference: {fileID: 0}
    - target: {fileID: 400000, guid: 32426f0a36a977e41a95a027768c486b, type: 3}
      propertyPath: m_LocalRotation.z
      value: 0
      objectReference: {fileID: 0}
    - target: {fileID: 400000, guid: 32426f0a36a977e41a95a027768c486b, type: 3}
      propertyPath: m_LocalRotation.w
      value: 1
      objectReference: {fileID: 0}
    - target: {fileID: 400000, guid: 32426f0a36a977e41a95a027768c486b, type: 3}
      propertyPath: m_RootOrder
      value: 0
      objectReference: {fileID: 0}
    m_RemovedComponents: []
  m_SourcePrefab: {fileID: 100100000, guid: 32426f0a36a977e41a95a027768c486b, type: 3}
--- !u!1001 &1763309197
PrefabInstance:
  m_ObjectHideFlags: 0
  serializedVersion: 2
  m_Modification:
    m_TransformParent: {fileID: 0}
    m_Modifications:
    - target: {fileID: 400000, guid: 668963acb2b2a734583bc6a48c508e6f, type: 3}
      propertyPath: m_LocalPosition.x
      value: -119.5
      objectReference: {fileID: 0}
    - target: {fileID: 400000, guid: 668963acb2b2a734583bc6a48c508e6f, type: 3}
      propertyPath: m_LocalPosition.y
      value: 0
      objectReference: {fileID: 0}
    - target: {fileID: 400000, guid: 668963acb2b2a734583bc6a48c508e6f, type: 3}
      propertyPath: m_LocalPosition.z
      value: -59.7000008
      objectReference: {fileID: 0}
    - target: {fileID: 400000, guid: 668963acb2b2a734583bc6a48c508e6f, type: 3}
      propertyPath: m_LocalRotation.x
      value: -.817368865
      objectReference: {fileID: 0}
    - target: {fileID: 400000, guid: 668963acb2b2a734583bc6a48c508e6f, type: 3}
      propertyPath: m_LocalRotation.y
      value: 0
      objectReference: {fileID: 0}
    - target: {fileID: 400000, guid: 668963acb2b2a734583bc6a48c508e6f, type: 3}
      propertyPath: m_LocalRotation.z
      value: 0
      objectReference: {fileID: 0}
    - target: {fileID: 400000, guid: 668963acb2b2a734583bc6a48c508e6f, type: 3}
      propertyPath: m_LocalRotation.w
      value: .576114833
      objectReference: {fileID: 0}
    - target: {fileID: 400000, guid: 668963acb2b2a734583bc6a48c508e6f, type: 3}
      propertyPath: m_RootOrder
      value: 5
      objectReference: {fileID: 0}
    m_RemovedComponents: []
  m_SourcePrefab: {fileID: 100100000, guid: 668963acb2b2a734583bc6a48c508e6f, type: 3}
--- !u!1001 &1866122639
PrefabInstance:
  m_ObjectHideFlags: 0
  serializedVersion: 2
  m_Modification:
    m_TransformParent: {fileID: 0}
    m_Modifications:
    - target: {fileID: 400000, guid: 4b681c3025c82fd47a674534fec9cba2, type: 3}
      propertyPath: m_LocalPosition.x
      value: -102.230003
      objectReference: {fileID: 0}
    - target: {fileID: 400000, guid: 4b681c3025c82fd47a674534fec9cba2, type: 3}
      propertyPath: m_LocalPosition.y
      value: 0
      objectReference: {fileID: 0}
    - target: {fileID: 400000, guid: 4b681c3025c82fd47a674534fec9cba2, type: 3}
      propertyPath: m_LocalPosition.z
      value: -55.1399994
      objectReference: {fileID: 0}
    - target: {fileID: 400000, guid: 4b681c3025c82fd47a674534fec9cba2, type: 3}
      propertyPath: m_LocalRotation.x
      value: 3.6336321e-06
      objectReference: {fileID: 0}
    - target: {fileID: 400000, guid: 4b681c3025c82fd47a674534fec9cba2, type: 3}
      propertyPath: m_LocalRotation.y
      value: .707106829
      objectReference: {fileID: 0}
    - target: {fileID: 400000, guid: 4b681c3025c82fd47a674534fec9cba2, type: 3}
      propertyPath: m_LocalRotation.z
      value: .707106829
      objectReference: {fileID: 0}
    - target: {fileID: 400000, guid: 4b681c3025c82fd47a674534fec9cba2, type: 3}
      propertyPath: m_LocalRotation.w
      value: -3.67253256e-06
      objectReference: {fileID: 0}
    - target: {fileID: 400000, guid: 4b681c3025c82fd47a674534fec9cba2, type: 3}
      propertyPath: m_RootOrder
      value: 17
      objectReference: {fileID: 0}
    m_RemovedComponents: []
  m_SourcePrefab: {fileID: 100100000, guid: 4b681c3025c82fd47a674534fec9cba2, type: 3}
--- !u!1001 &1885290393
PrefabInstance:
  m_ObjectHideFlags: 0
  serializedVersion: 2
  m_Modification:
    m_TransformParent: {fileID: 0}
    m_Modifications:
    - target: {fileID: 400000, guid: 4df08a8f594a7144bb17ab41df6b3303, type: 3}
      propertyPath: m_LocalPosition.x
      value: -93.2699966
      objectReference: {fileID: 0}
    - target: {fileID: 400000, guid: 4df08a8f594a7144bb17ab41df6b3303, type: 3}
      propertyPath: m_LocalPosition.y
      value: 0
      objectReference: {fileID: 0}
    - target: {fileID: 400000, guid: 4df08a8f594a7144bb17ab41df6b3303, type: 3}
      propertyPath: m_LocalPosition.z
      value: -62.3899994
      objectReference: {fileID: 0}
    - target: {fileID: 400000, guid: 4df08a8f594a7144bb17ab41df6b3303, type: 3}
      propertyPath: m_LocalRotation.x
      value: 0
      objectReference: {fileID: 0}
    - target: {fileID: 400000, guid: 4df08a8f594a7144bb17ab41df6b3303, type: 3}
      propertyPath: m_LocalRotation.y
      value: 0
      objectReference: {fileID: 0}
    - target: {fileID: 400000, guid: 4df08a8f594a7144bb17ab41df6b3303, type: 3}
      propertyPath: m_LocalRotation.z
      value: 0
      objectReference: {fileID: 0}
    - target: {fileID: 400000, guid: 4df08a8f594a7144bb17ab41df6b3303, type: 3}
      propertyPath: m_LocalRotation.w
      value: 1
      objectReference: {fileID: 0}
    - target: {fileID: 400000, guid: 4df08a8f594a7144bb17ab41df6b3303, type: 3}
      propertyPath: m_RootOrder
      value: 10
      objectReference: {fileID: 0}
    m_RemovedComponents: []
  m_SourcePrefab: {fileID: 100100000, guid: 4df08a8f594a7144bb17ab41df6b3303, type: 3}
--- !u!1001 &1928686023
PrefabInstance:
  m_ObjectHideFlags: 0
  serializedVersion: 2
  m_Modification:
    m_TransformParent: {fileID: 0}
    m_Modifications:
    - target: {fileID: 400000, guid: 9c2389468026f374aa2c7e62d845efe6, type: 3}
      propertyPath: m_LocalPosition.x
      value: -112.919998
      objectReference: {fileID: 0}
    - target: {fileID: 400000, guid: 9c2389468026f374aa2c7e62d845efe6, type: 3}
      propertyPath: m_LocalPosition.y
      value: 0
      objectReference: {fileID: 0}
    - target: {fileID: 400000, guid: 9c2389468026f374aa2c7e62d845efe6, type: 3}
      propertyPath: m_LocalPosition.z
      value: -54.2599983
      objectReference: {fileID: 0}
    - target: {fileID: 400000, guid: 9c2389468026f374aa2c7e62d845efe6, type: 3}
      propertyPath: m_LocalRotation.x
      value: -.500000596
      objectReference: {fileID: 0}
    - target: {fileID: 400000, guid: 9c2389468026f374aa2c7e62d845efe6, type: 3}
      propertyPath: m_LocalRotation.y
      value: -.499999434
      objectReference: {fileID: 0}
    - target: {fileID: 400000, guid: 9c2389468026f374aa2c7e62d845efe6, type: 3}
      propertyPath: m_LocalRotation.z
      value: -.499999493
      objectReference: {fileID: 0}
    - target: {fileID: 400000, guid: 9c2389468026f374aa2c7e62d845efe6, type: 3}
      propertyPath: m_LocalRotation.w
      value: .500000596
      objectReference: {fileID: 0}
    - target: {fileID: 400000, guid: 9c2389468026f374aa2c7e62d845efe6, type: 3}
      propertyPath: m_RootOrder
      value: 7
      objectReference: {fileID: 0}
    m_RemovedComponents: []
  m_SourcePrefab: {fileID: 100100000, guid: 9c2389468026f374aa2c7e62d845efe6, type: 3}
--- !u!1001 &1960996559
PrefabInstance:
  m_ObjectHideFlags: 0
  serializedVersion: 2
  m_Modification:
    m_TransformParent: {fileID: 0}
    m_Modifications:
    - target: {fileID: 400000, guid: b03dfebdea55429469aa944fd837eb45, type: 3}
      propertyPath: m_LocalPosition.x
      value: -108.809998
      objectReference: {fileID: 0}
    - target: {fileID: 400000, guid: b03dfebdea55429469aa944fd837eb45, type: 3}
      propertyPath: m_LocalPosition.y
      value: -0
      objectReference: {fileID: 0}
    - target: {fileID: 400000, guid: b03dfebdea55429469aa944fd837eb45, type: 3}
      propertyPath: m_LocalPosition.z
      value: -54.8899994
      objectReference: {fileID: 0}
    - target: {fileID: 400000, guid: b03dfebdea55429469aa944fd837eb45, type: 3}
      propertyPath: m_LocalRotation.x
      value: -.707106829
      objectReference: {fileID: 0}
    - target: {fileID: 400000, guid: b03dfebdea55429469aa944fd837eb45, type: 3}
      propertyPath: m_LocalRotation.y
      value: 0
      objectReference: {fileID: 0}
    - target: {fileID: 400000, guid: b03dfebdea55429469aa944fd837eb45, type: 3}
      propertyPath: m_LocalRotation.z
      value: -0
      objectReference: {fileID: 0}
    - target: {fileID: 400000, guid: b03dfebdea55429469aa944fd837eb45, type: 3}
      propertyPath: m_LocalRotation.w
      value: .707106829
      objectReference: {fileID: 0}
    - target: {fileID: 400000, guid: b03dfebdea55429469aa944fd837eb45, type: 3}
      propertyPath: m_RootOrder
      value: 8
      objectReference: {fileID: 0}
    m_RemovedComponents: []
  m_SourcePrefab: {fileID: 100100000, guid: b03dfebdea55429469aa944fd837eb45, type: 3}
--- !u!1001 &2005714758
PrefabInstance:
  m_ObjectHideFlags: 0
  serializedVersion: 2
  m_Modification:
    m_TransformParent: {fileID: 0}
    m_Modifications:
    - target: {fileID: 400000, guid: 941f3eab0681a3b429fec39af389f4e6, type: 3}
      propertyPath: m_LocalPosition.x
      value: -101.410004
      objectReference: {fileID: 0}
    - target: {fileID: 400000, guid: 941f3eab0681a3b429fec39af389f4e6, type: 3}
      propertyPath: m_LocalPosition.y
      value: 1.39999998
      objectReference: {fileID: 0}
    - target: {fileID: 400000, guid: 941f3eab0681a3b429fec39af389f4e6, type: 3}
      propertyPath: m_LocalPosition.z
      value: -51.2599983
      objectReference: {fileID: 0}
    - target: {fileID: 400000, guid: 941f3eab0681a3b429fec39af389f4e6, type: 3}
      propertyPath: m_LocalRotation.x
      value: -.678423703
      objectReference: {fileID: 0}
    - target: {fileID: 400000, guid: 941f3eab0681a3b429fec39af389f4e6, type: 3}
      propertyPath: m_LocalRotation.y
      value: .179300994
      objectReference: {fileID: 0}
    - target: {fileID: 400000, guid: 941f3eab0681a3b429fec39af389f4e6, type: 3}
      propertyPath: m_LocalRotation.z
      value: -.139808089
      objectReference: {fileID: 0}
    - target: {fileID: 400000, guid: 941f3eab0681a3b429fec39af389f4e6, type: 3}
      propertyPath: m_LocalRotation.w
      value: .698603094
      objectReference: {fileID: 0}
    - target: {fileID: 400000, guid: 941f3eab0681a3b429fec39af389f4e6, type: 3}
      propertyPath: m_RootOrder
      value: 0
      objectReference: {fileID: 0}
    m_RemovedComponents: []
  m_SourcePrefab: {fileID: 100100000, guid: 941f3eab0681a3b429fec39af389f4e6, type: 3}
--- !u!1001 &2052198485
PrefabInstance:
  m_ObjectHideFlags: 0
  serializedVersion: 2
  m_Modification:
    m_TransformParent: {fileID: 0}
    m_Modifications:
    - target: {fileID: 400024, guid: b1ac50faafb9d264ca7c2194b9092799, type: 3}
      propertyPath: m_LocalPosition.x
      value: -107.190002
      objectReference: {fileID: 0}
    - target: {fileID: 400024, guid: b1ac50faafb9d264ca7c2194b9092799, type: 3}
      propertyPath: m_LocalPosition.y
      value: 0
      objectReference: {fileID: 0}
    - target: {fileID: 400024, guid: b1ac50faafb9d264ca7c2194b9092799, type: 3}
      propertyPath: m_LocalPosition.z
      value: -63.6800003
      objectReference: {fileID: 0}
    - target: {fileID: 400024, guid: b1ac50faafb9d264ca7c2194b9092799, type: 3}
      propertyPath: m_LocalRotation.x
      value: 0
      objectReference: {fileID: 0}
    - target: {fileID: 400024, guid: b1ac50faafb9d264ca7c2194b9092799, type: 3}
      propertyPath: m_LocalRotation.y
      value: .0231800079
      objectReference: {fileID: 0}
    - target: {fileID: 400024, guid: b1ac50faafb9d264ca7c2194b9092799, type: 3}
      propertyPath: m_LocalRotation.z
      value: 0
      objectReference: {fileID: 0}
    - target: {fileID: 400024, guid: b1ac50faafb9d264ca7c2194b9092799, type: 3}
      propertyPath: m_LocalRotation.w
      value: -.999731302
      objectReference: {fileID: 0}
    - target: {fileID: 400024, guid: b1ac50faafb9d264ca7c2194b9092799, type: 3}
      propertyPath: m_RootOrder
      value: 5
      objectReference: {fileID: 0}
    m_RemovedComponents: []
  m_SourcePrefab: {fileID: 100100000, guid: b1ac50faafb9d264ca7c2194b9092799, type: 3}
