%YAML 1.1
%TAG !u! tag:unity3d.com,2011:
--- !u!65 &7733769941582021735
BoxCollider:
  m_ObjectHideFlags: 0
  m_CorrespondingSourceObject: {fileID: 0}
  m_PrefabInstance: {fileID: 0}
  m_PrefabAsset: {fileID: 0}
  m_GameObject: {fileID: 125461290936182449}
  m_Material: {fileID: 0}
  m_IsTrigger: 1
  m_Enabled: 1
  serializedVersion: 2
  m_Size: {x: 1.3340664, y: 1.0805479, z: 0.4678192}
  m_Center: {x: 0.55911636, y: 0.54027396, z: -0.043981552}
--- !u!1 &1360773002113064345
GameObject:
  m_ObjectHideFlags: 0
  m_CorrespondingSourceObject: {fileID: 0}
  m_PrefabInstance: {fileID: 0}
  m_PrefabAsset: {fileID: 0}
  serializedVersion: 6
  m_Component:
  - component: {fileID: 7100073606905119634}
  m_Layer: 0
  m_Name: JungleTile_1 1
  m_TagString: Untagged
  m_Icon: {fileID: 0}
  m_NavMeshLayer: 0
  m_StaticEditorFlags: 0
  m_IsActive: 1
--- !u!4 &7100073606905119634
Transform:
  m_ObjectHideFlags: 0
  m_CorrespondingSourceObject: {fileID: 0}
  m_PrefabInstance: {fileID: 0}
  m_PrefabAsset: {fileID: 0}
  m_GameObject: {fileID: 1360773002113064345}
  m_LocalRotation: {x: 0, y: 0, z: 0, w: 1}
  m_LocalPosition: {x: 0, y: 0, z: 0}
  m_LocalScale: {x: 1, y: 1, z: 1}
  m_Children:
  - {fileID: 6666821036618562869}
  - {fileID: 7317483582910801755}
  - {fileID: 8457350094137903304}
  - {fileID: 4488280456992649641}
  - {fileID: 8019566844303962364}
  - {fileID: 123154330572534605}
  - {fileID: 5726160204562359184}
  - {fileID: 2519955063333406727}
  - {fileID: 1513202205258120625}
  - {fileID: 9087180812628322570}
  - {fileID: 5394117692564739431}
  - {fileID: 7669405304317164276}
  - {fileID: 5235890500265339325}
  - {fileID: 8052330916120250585}
  - {fileID: 2492249414032176579}
  - {fileID: 2184157926531244433}
  - {fileID: 5203662679118999364}
  - {fileID: 4000493655450025358}
  - {fileID: 8108522197408958703}
  - {fileID: 7338385731053778118}
  - {fileID: 6157414191629270762}
  - {fileID: 2021581239250670432}
  - {fileID: 5789334640504959598}
  - {fileID: 2427119162606141098}
  - {fileID: 3585713310585080368}
  - {fileID: 2853536648965673221}
  - {fileID: 9042278834223624864}
  - {fileID: 563806363210638742}
  m_Father: {fileID: 0}
  m_RootOrder: 0
  m_LocalEulerAnglesHint: {x: 0, y: 0, z: 0}
--- !u!65 &4690534604933644946
BoxCollider:
  m_ObjectHideFlags: 0
  m_CorrespondingSourceObject: {fileID: 0}
  m_PrefabInstance: {fileID: 0}
  m_PrefabAsset: {fileID: 0}
  m_GameObject: {fileID: 4486680195484911633}
  m_Material: {fileID: 0}
  m_IsTrigger: 1
  m_Enabled: 1
  serializedVersion: 2
  m_Size: {x: 5.129447, y: 1.0894413, z: 0.5070782}
  m_Center: {x: 2.455996, y: 0.54472065, z: 0}
--- !u!65 &5410342553741297093
BoxCollider:
  m_ObjectHideFlags: 0
  m_CorrespondingSourceObject: {fileID: 0}
  m_PrefabInstance: {fileID: 0}
  m_PrefabAsset: {fileID: 0}
  m_GameObject: {fileID: 7315216729488306855}
  m_Material: {fileID: 0}
  m_IsTrigger: 1
  m_Enabled: 1
  serializedVersion: 2
  m_Size: {x: 1.3340664, y: 1.0805479, z: 0.4678192}
  m_Center: {x: 0.55911636, y: 0.54027396, z: -0.043981552}
--- !u!65 &3209088235478261318
BoxCollider:
  m_ObjectHideFlags: 0
  m_CorrespondingSourceObject: {fileID: 0}
  m_PrefabInstance: {fileID: 0}
  m_PrefabAsset: {fileID: 0}
  m_GameObject: {fileID: 8016769180546861380}
  m_Material: {fileID: 0}
  m_IsTrigger: 1
  m_Enabled: 1
  serializedVersion: 2
  m_Size: {x: 5.1294465, y: 1.0894413, z: 0.5070782}
  m_Center: {x: 2.4559958, y: 0.54472065, z: 0}
--- !u!65 &7868567143055678248
BoxCollider:
  m_ObjectHideFlags: 0
  m_CorrespondingSourceObject: {fileID: 0}
  m_PrefabInstance: {fileID: 0}
  m_PrefabAsset: {fileID: 0}
  m_GameObject: {fileID: 8454877247946274516}
  m_Material: {fileID: 0}
  m_IsTrigger: 1
  m_Enabled: 1
  serializedVersion: 2
  m_Size: {x: 4.2671065, y: 1.0762446, z: 0.63675016}
  m_Center: {x: 2.0243843, y: 0.5381223, z: -0.00000047683713}
--- !u!1001 &124807508541027637
PrefabInstance:
  m_ObjectHideFlags: 0
  serializedVersion: 2
  m_Modification:
    m_TransformParent: {fileID: 7100073606905119634}
    m_Modifications:
    - target: {fileID: 1932553094402948, guid: 33938ce237397e34e921bda724fb624b, type: 3}
      propertyPath: m_Name
      value: SM_Prop_StoneWall_03 (1)
      objectReference: {fileID: 0}
    - target: {fileID: 1932553094402948, guid: 33938ce237397e34e921bda724fb624b, type: 3}
      propertyPath: m_TagString
      value: Obstacule
      objectReference: {fileID: 0}
    - target: {fileID: 4204474577979000, guid: 33938ce237397e34e921bda724fb624b, type: 3}
      propertyPath: m_LocalPosition.x
      value: -0.6
      objectReference: {fileID: 0}
    - target: {fileID: 4204474577979000, guid: 33938ce237397e34e921bda724fb624b, type: 3}
      propertyPath: m_LocalPosition.y
      value: 0
      objectReference: {fileID: 0}
    - target: {fileID: 4204474577979000, guid: 33938ce237397e34e921bda724fb624b, type: 3}
      propertyPath: m_LocalPosition.z
      value: 49.16
      objectReference: {fileID: 0}
    - target: {fileID: 4204474577979000, guid: 33938ce237397e34e921bda724fb624b, type: 3}
      propertyPath: m_LocalRotation.x
      value: -0
      objectReference: {fileID: 0}
    - target: {fileID: 4204474577979000, guid: 33938ce237397e34e921bda724fb624b, type: 3}
      propertyPath: m_LocalRotation.y
      value: -0
      objectReference: {fileID: 0}
    - target: {fileID: 4204474577979000, guid: 33938ce237397e34e921bda724fb624b, type: 3}
      propertyPath: m_LocalRotation.z
      value: -0
      objectReference: {fileID: 0}
    - target: {fileID: 4204474577979000, guid: 33938ce237397e34e921bda724fb624b, type: 3}
      propertyPath: m_LocalRotation.w
      value: 1
      objectReference: {fileID: 0}
    - target: {fileID: 4204474577979000, guid: 33938ce237397e34e921bda724fb624b, type: 3}
      propertyPath: m_RootOrder
      value: 5
      objectReference: {fileID: 0}
    - target: {fileID: 4204474577979000, guid: 33938ce237397e34e921bda724fb624b, type: 3}
      propertyPath: m_LocalEulerAnglesHint.x
      value: 0
      objectReference: {fileID: 0}
    - target: {fileID: 4204474577979000, guid: 33938ce237397e34e921bda724fb624b, type: 3}
      propertyPath: m_LocalEulerAnglesHint.y
      value: 0
      objectReference: {fileID: 0}
    - target: {fileID: 4204474577979000, guid: 33938ce237397e34e921bda724fb624b, type: 3}
      propertyPath: m_LocalEulerAnglesHint.z
      value: 0
      objectReference: {fileID: 0}
    - target: {fileID: 4204474577979000, guid: 33938ce237397e34e921bda724fb624b, type: 3}
      propertyPath: m_LocalScale.x
      value: 3.4027
      objectReference: {fileID: 0}
    - target: {fileID: 4204474577979000, guid: 33938ce237397e34e921bda724fb624b, type: 3}
      propertyPath: m_LocalScale.y
      value: 3.4027
      objectReference: {fileID: 0}
    - target: {fileID: 4204474577979000, guid: 33938ce237397e34e921bda724fb624b, type: 3}
      propertyPath: m_LocalScale.z
      value: 3.4027
      objectReference: {fileID: 0}
    m_RemovedComponents: []
  m_SourcePrefab: {fileID: 100100000, guid: 33938ce237397e34e921bda724fb624b, type: 3}
--- !u!1 &125461290936182449 stripped
GameObject:
  m_CorrespondingSourceObject: {fileID: 1932553094402948, guid: 33938ce237397e34e921bda724fb624b,
    type: 3}
  m_PrefabInstance: {fileID: 124807508541027637}
  m_PrefabAsset: {fileID: 0}
--- !u!4 &123154330572534605 stripped
Transform:
  m_CorrespondingSourceObject: {fileID: 4204474577979000, guid: 33938ce237397e34e921bda724fb624b,
    type: 3}
  m_PrefabInstance: {fileID: 124807508541027637}
  m_PrefabAsset: {fileID: 0}
--- !u!1001 &337482739330241246
PrefabInstance:
  m_ObjectHideFlags: 0
  serializedVersion: 2
  m_Modification:
    m_TransformParent: {fileID: 7100073606905119634}
    m_Modifications:
    - target: {fileID: 8257784081618844356, guid: e8ed26d43870f9c4fa3ab6080284a9ee,
        type: 3}
      propertyPath: m_Name
      value: Coin 22
      objectReference: {fileID: 0}
    - target: {fileID: 8778178071425736830, guid: e8ed26d43870f9c4fa3ab6080284a9ee,
        type: 3}
      propertyPath: m_LocalPosition.x
      value: -2.64
      objectReference: {fileID: 0}
    - target: {fileID: 8778178071425736830, guid: e8ed26d43870f9c4fa3ab6080284a9ee,
        type: 3}
      propertyPath: m_LocalPosition.y
      value: 1.31
      objectReference: {fileID: 0}
    - target: {fileID: 8778178071425736830, guid: e8ed26d43870f9c4fa3ab6080284a9ee,
        type: 3}
      propertyPath: m_LocalPosition.z
      value: 55.59
      objectReference: {fileID: 0}
    - target: {fileID: 8778178071425736830, guid: e8ed26d43870f9c4fa3ab6080284a9ee,
        type: 3}
      propertyPath: m_LocalRotation.x
      value: 0
      objectReference: {fileID: 0}
    - target: {fileID: 8778178071425736830, guid: e8ed26d43870f9c4fa3ab6080284a9ee,
        type: 3}
      propertyPath: m_LocalRotation.y
      value: 0
      objectReference: {fileID: 0}
    - target: {fileID: 8778178071425736830, guid: e8ed26d43870f9c4fa3ab6080284a9ee,
        type: 3}
      propertyPath: m_LocalRotation.z
      value: 0
      objectReference: {fileID: 0}
    - target: {fileID: 8778178071425736830, guid: e8ed26d43870f9c4fa3ab6080284a9ee,
        type: 3}
      propertyPath: m_LocalRotation.w
      value: 1
      objectReference: {fileID: 0}
    - target: {fileID: 8778178071425736830, guid: e8ed26d43870f9c4fa3ab6080284a9ee,
        type: 3}
      propertyPath: m_RootOrder
      value: 26
      objectReference: {fileID: 0}
    - target: {fileID: 8778178071425736830, guid: e8ed26d43870f9c4fa3ab6080284a9ee,
        type: 3}
      propertyPath: m_LocalEulerAnglesHint.x
      value: 0
      objectReference: {fileID: 0}
    - target: {fileID: 8778178071425736830, guid: e8ed26d43870f9c4fa3ab6080284a9ee,
        type: 3}
      propertyPath: m_LocalEulerAnglesHint.y
      value: 0
      objectReference: {fileID: 0}
    - target: {fileID: 8778178071425736830, guid: e8ed26d43870f9c4fa3ab6080284a9ee,
        type: 3}
      propertyPath: m_LocalEulerAnglesHint.z
      value: 0
      objectReference: {fileID: 0}
    m_RemovedComponents: []
  m_SourcePrefab: {fileID: 100100000, guid: e8ed26d43870f9c4fa3ab6080284a9ee, type: 3}
--- !u!4 &9042278834223624864 stripped
Transform:
  m_CorrespondingSourceObject: {fileID: 8778178071425736830, guid: e8ed26d43870f9c4fa3ab6080284a9ee,
    type: 3}
  m_PrefabInstance: {fileID: 337482739330241246}
  m_PrefabAsset: {fileID: 0}
--- !u!1001 &562524167006620020
PrefabInstance:
  m_ObjectHideFlags: 0
  serializedVersion: 2
  m_Modification:
    m_TransformParent: {fileID: 7100073606905119634}
    m_Modifications:
    - target: {fileID: 8257784081618844356, guid: e8ed26d43870f9c4fa3ab6080284a9ee,
        type: 3}
      propertyPath: m_Name
      value: Coin 8
      objectReference: {fileID: 0}
    - target: {fileID: 8778178071425736830, guid: e8ed26d43870f9c4fa3ab6080284a9ee,
        type: 3}
      propertyPath: m_LocalPosition.x
      value: 1.87
      objectReference: {fileID: 0}
    - target: {fileID: 8778178071425736830, guid: e8ed26d43870f9c4fa3ab6080284a9ee,
        type: 3}
      propertyPath: m_LocalPosition.y
      value: 1.31
      objectReference: {fileID: 0}
    - target: {fileID: 8778178071425736830, guid: e8ed26d43870f9c4fa3ab6080284a9ee,
        type: 3}
      propertyPath: m_LocalPosition.z
      value: 19.23
      objectReference: {fileID: 0}
    - target: {fileID: 8778178071425736830, guid: e8ed26d43870f9c4fa3ab6080284a9ee,
        type: 3}
      propertyPath: m_LocalRotation.x
      value: 0
      objectReference: {fileID: 0}
    - target: {fileID: 8778178071425736830, guid: e8ed26d43870f9c4fa3ab6080284a9ee,
        type: 3}
      propertyPath: m_LocalRotation.y
      value: 0
      objectReference: {fileID: 0}
    - target: {fileID: 8778178071425736830, guid: e8ed26d43870f9c4fa3ab6080284a9ee,
        type: 3}
      propertyPath: m_LocalRotation.z
      value: 0
      objectReference: {fileID: 0}
    - target: {fileID: 8778178071425736830, guid: e8ed26d43870f9c4fa3ab6080284a9ee,
        type: 3}
      propertyPath: m_LocalRotation.w
      value: 1
      objectReference: {fileID: 0}
    - target: {fileID: 8778178071425736830, guid: e8ed26d43870f9c4fa3ab6080284a9ee,
        type: 3}
      propertyPath: m_RootOrder
      value: 9
      objectReference: {fileID: 0}
    - target: {fileID: 8778178071425736830, guid: e8ed26d43870f9c4fa3ab6080284a9ee,
        type: 3}
      propertyPath: m_LocalEulerAnglesHint.x
      value: 0
      objectReference: {fileID: 0}
    - target: {fileID: 8778178071425736830, guid: e8ed26d43870f9c4fa3ab6080284a9ee,
        type: 3}
      propertyPath: m_LocalEulerAnglesHint.y
      value: 0
      objectReference: {fileID: 0}
    - target: {fileID: 8778178071425736830, guid: e8ed26d43870f9c4fa3ab6080284a9ee,
        type: 3}
      propertyPath: m_LocalEulerAnglesHint.z
      value: 0
      objectReference: {fileID: 0}
    m_RemovedComponents: []
  m_SourcePrefab: {fileID: 100100000, guid: e8ed26d43870f9c4fa3ab6080284a9ee, type: 3}
--- !u!4 &9087180812628322570 stripped
Transform:
  m_CorrespondingSourceObject: {fileID: 8778178071425736830, guid: e8ed26d43870f9c4fa3ab6080284a9ee,
    type: 3}
  m_PrefabInstance: {fileID: 562524167006620020}
  m_PrefabAsset: {fileID: 0}
--- !u!1001 &672473991224109201
PrefabInstance:
  m_ObjectHideFlags: 0
  serializedVersion: 2
  m_Modification:
    m_TransformParent: {fileID: 7100073606905119634}
    m_Modifications:
    - target: {fileID: 8257784081618844356, guid: e8ed26d43870f9c4fa3ab6080284a9ee,
        type: 3}
      propertyPath: m_Name
      value: Coin 5
      objectReference: {fileID: 0}
    - target: {fileID: 8778178071425736830, guid: e8ed26d43870f9c4fa3ab6080284a9ee,
        type: 3}
      propertyPath: m_LocalPosition.x
      value: -2.23
      objectReference: {fileID: 0}
    - target: {fileID: 8778178071425736830, guid: e8ed26d43870f9c4fa3ab6080284a9ee,
        type: 3}
      propertyPath: m_LocalPosition.y
      value: 1.31
      objectReference: {fileID: 0}
    - target: {fileID: 8778178071425736830, guid: e8ed26d43870f9c4fa3ab6080284a9ee,
        type: 3}
      propertyPath: m_LocalPosition.z
      value: 10.36
      objectReference: {fileID: 0}
    - target: {fileID: 8778178071425736830, guid: e8ed26d43870f9c4fa3ab6080284a9ee,
        type: 3}
      propertyPath: m_LocalRotation.x
      value: 0
      objectReference: {fileID: 0}
    - target: {fileID: 8778178071425736830, guid: e8ed26d43870f9c4fa3ab6080284a9ee,
        type: 3}
      propertyPath: m_LocalRotation.y
      value: 0
      objectReference: {fileID: 0}
    - target: {fileID: 8778178071425736830, guid: e8ed26d43870f9c4fa3ab6080284a9ee,
        type: 3}
      propertyPath: m_LocalRotation.z
      value: 0
      objectReference: {fileID: 0}
    - target: {fileID: 8778178071425736830, guid: e8ed26d43870f9c4fa3ab6080284a9ee,
        type: 3}
      propertyPath: m_LocalRotation.w
      value: 1
      objectReference: {fileID: 0}
    - target: {fileID: 8778178071425736830, guid: e8ed26d43870f9c4fa3ab6080284a9ee,
        type: 3}
      propertyPath: m_RootOrder
      value: 18
      objectReference: {fileID: 0}
    - target: {fileID: 8778178071425736830, guid: e8ed26d43870f9c4fa3ab6080284a9ee,
        type: 3}
      propertyPath: m_LocalEulerAnglesHint.x
      value: 0
      objectReference: {fileID: 0}
    - target: {fileID: 8778178071425736830, guid: e8ed26d43870f9c4fa3ab6080284a9ee,
        type: 3}
      propertyPath: m_LocalEulerAnglesHint.y
      value: 0
      objectReference: {fileID: 0}
    - target: {fileID: 8778178071425736830, guid: e8ed26d43870f9c4fa3ab6080284a9ee,
        type: 3}
      propertyPath: m_LocalEulerAnglesHint.z
      value: 0
      objectReference: {fileID: 0}
    m_RemovedComponents: []
  m_SourcePrefab: {fileID: 100100000, guid: e8ed26d43870f9c4fa3ab6080284a9ee, type: 3}
--- !u!4 &8108522197408958703 stripped
Transform:
  m_CorrespondingSourceObject: {fileID: 8778178071425736830, guid: e8ed26d43870f9c4fa3ab6080284a9ee,
    type: 3}
  m_PrefabInstance: {fileID: 672473991224109201}
  m_PrefabAsset: {fileID: 0}
--- !u!1001 &1422408570601101962
PrefabInstance:
  m_ObjectHideFlags: 0
  serializedVersion: 2
  m_Modification:
    m_TransformParent: {fileID: 7100073606905119634}
    m_Modifications:
    - target: {fileID: 8257784081618844356, guid: e8ed26d43870f9c4fa3ab6080284a9ee,
        type: 3}
      propertyPath: m_Name
      value: Coin 14
      objectReference: {fileID: 0}
    - target: {fileID: 8778178071425736830, guid: e8ed26d43870f9c4fa3ab6080284a9ee,
        type: 3}
      propertyPath: m_LocalPosition.x
      value: -1.55
      objectReference: {fileID: 0}
    - target: {fileID: 8778178071425736830, guid: e8ed26d43870f9c4fa3ab6080284a9ee,
        type: 3}
      propertyPath: m_LocalPosition.y
      value: 1.31
      objectReference: {fileID: 0}
    - target: {fileID: 8778178071425736830, guid: e8ed26d43870f9c4fa3ab6080284a9ee,
        type: 3}
      propertyPath: m_LocalPosition.z
      value: 38.79
      objectReference: {fileID: 0}
    - target: {fileID: 8778178071425736830, guid: e8ed26d43870f9c4fa3ab6080284a9ee,
        type: 3}
      propertyPath: m_LocalRotation.x
      value: 0
      objectReference: {fileID: 0}
    - target: {fileID: 8778178071425736830, guid: e8ed26d43870f9c4fa3ab6080284a9ee,
        type: 3}
      propertyPath: m_LocalRotation.y
      value: 0
      objectReference: {fileID: 0}
    - target: {fileID: 8778178071425736830, guid: e8ed26d43870f9c4fa3ab6080284a9ee,
        type: 3}
      propertyPath: m_LocalRotation.z
      value: 0
      objectReference: {fileID: 0}
    - target: {fileID: 8778178071425736830, guid: e8ed26d43870f9c4fa3ab6080284a9ee,
        type: 3}
      propertyPath: m_LocalRotation.w
      value: 1
      objectReference: {fileID: 0}
    - target: {fileID: 8778178071425736830, guid: e8ed26d43870f9c4fa3ab6080284a9ee,
        type: 3}
      propertyPath: m_RootOrder
      value: 11
      objectReference: {fileID: 0}
    - target: {fileID: 8778178071425736830, guid: e8ed26d43870f9c4fa3ab6080284a9ee,
        type: 3}
      propertyPath: m_LocalEulerAnglesHint.x
      value: 0
      objectReference: {fileID: 0}
    - target: {fileID: 8778178071425736830, guid: e8ed26d43870f9c4fa3ab6080284a9ee,
        type: 3}
      propertyPath: m_LocalEulerAnglesHint.y
      value: 0
      objectReference: {fileID: 0}
    - target: {fileID: 8778178071425736830, guid: e8ed26d43870f9c4fa3ab6080284a9ee,
        type: 3}
      propertyPath: m_LocalEulerAnglesHint.z
      value: 0
      objectReference: {fileID: 0}
    m_RemovedComponents: []
  m_SourcePrefab: {fileID: 100100000, guid: e8ed26d43870f9c4fa3ab6080284a9ee, type: 3}
--- !u!4 &7669405304317164276 stripped
Transform:
  m_CorrespondingSourceObject: {fileID: 8778178071425736830, guid: e8ed26d43870f9c4fa3ab6080284a9ee,
    type: 3}
  m_PrefabInstance: {fileID: 1422408570601101962}
  m_PrefabAsset: {fileID: 0}
--- !u!1001 &1616222978633771175
PrefabInstance:
  m_ObjectHideFlags: 0
  serializedVersion: 2
  m_Modification:
    m_TransformParent: {fileID: 7100073606905119634}
    m_Modifications:
    - target: {fileID: 8257784081618844356, guid: e8ed26d43870f9c4fa3ab6080284a9ee,
        type: 3}
      propertyPath: m_Name
      value: Coin 20
      objectReference: {fileID: 0}
    - target: {fileID: 8778178071425736830, guid: e8ed26d43870f9c4fa3ab6080284a9ee,
        type: 3}
      propertyPath: m_LocalPosition.x
      value: 1.4
      objectReference: {fileID: 0}
    - target: {fileID: 8778178071425736830, guid: e8ed26d43870f9c4fa3ab6080284a9ee,
        type: 3}
      propertyPath: m_LocalPosition.y
      value: 1.31
      objectReference: {fileID: 0}
    - target: {fileID: 8778178071425736830, guid: e8ed26d43870f9c4fa3ab6080284a9ee,
        type: 3}
      propertyPath: m_LocalPosition.z
      value: 61
      objectReference: {fileID: 0}
    - target: {fileID: 8778178071425736830, guid: e8ed26d43870f9c4fa3ab6080284a9ee,
        type: 3}
      propertyPath: m_LocalRotation.x
      value: 0
      objectReference: {fileID: 0}
    - target: {fileID: 8778178071425736830, guid: e8ed26d43870f9c4fa3ab6080284a9ee,
        type: 3}
      propertyPath: m_LocalRotation.y
      value: 0
      objectReference: {fileID: 0}
    - target: {fileID: 8778178071425736830, guid: e8ed26d43870f9c4fa3ab6080284a9ee,
        type: 3}
      propertyPath: m_LocalRotation.z
      value: 0
      objectReference: {fileID: 0}
    - target: {fileID: 8778178071425736830, guid: e8ed26d43870f9c4fa3ab6080284a9ee,
        type: 3}
      propertyPath: m_LocalRotation.w
      value: 1
      objectReference: {fileID: 0}
    - target: {fileID: 8778178071425736830, guid: e8ed26d43870f9c4fa3ab6080284a9ee,
        type: 3}
      propertyPath: m_RootOrder
      value: 13
      objectReference: {fileID: 0}
    - target: {fileID: 8778178071425736830, guid: e8ed26d43870f9c4fa3ab6080284a9ee,
        type: 3}
      propertyPath: m_LocalEulerAnglesHint.x
      value: 0
      objectReference: {fileID: 0}
    - target: {fileID: 8778178071425736830, guid: e8ed26d43870f9c4fa3ab6080284a9ee,
        type: 3}
      propertyPath: m_LocalEulerAnglesHint.y
      value: 0
      objectReference: {fileID: 0}
    - target: {fileID: 8778178071425736830, guid: e8ed26d43870f9c4fa3ab6080284a9ee,
        type: 3}
      propertyPath: m_LocalEulerAnglesHint.z
      value: 0
      objectReference: {fileID: 0}
    m_RemovedComponents: []
  m_SourcePrefab: {fileID: 100100000, guid: e8ed26d43870f9c4fa3ab6080284a9ee, type: 3}
--- !u!4 &8052330916120250585 stripped
Transform:
  m_CorrespondingSourceObject: {fileID: 8778178071425736830, guid: e8ed26d43870f9c4fa3ab6080284a9ee,
    type: 3}
  m_PrefabInstance: {fileID: 1616222978633771175}
  m_PrefabAsset: {fileID: 0}
--- !u!1001 &2019148115515610296
PrefabInstance:
  m_ObjectHideFlags: 0
  serializedVersion: 2
  m_Modification:
    m_TransformParent: {fileID: 7100073606905119634}
    m_Modifications:
    - target: {fileID: 8257784081618844356, guid: e8ed26d43870f9c4fa3ab6080284a9ee,
        type: 3}
      propertyPath: m_Name
      value: Coin 9
      objectReference: {fileID: 0}
    - target: {fileID: 8778178071425736830, guid: e8ed26d43870f9c4fa3ab6080284a9ee,
        type: 3}
      propertyPath: m_LocalPosition.x
      value: 4.36
      objectReference: {fileID: 0}
    - target: {fileID: 8778178071425736830, guid: e8ed26d43870f9c4fa3ab6080284a9ee,
        type: 3}
      propertyPath: m_LocalPosition.y
      value: 1.31
      objectReference: {fileID: 0}
    - target: {fileID: 8778178071425736830, guid: e8ed26d43870f9c4fa3ab6080284a9ee,
        type: 3}
      propertyPath: m_LocalPosition.z
      value: 22.66
      objectReference: {fileID: 0}
    - target: {fileID: 8778178071425736830, guid: e8ed26d43870f9c4fa3ab6080284a9ee,
        type: 3}
      propertyPath: m_LocalRotation.x
      value: 0
      objectReference: {fileID: 0}
    - target: {fileID: 8778178071425736830, guid: e8ed26d43870f9c4fa3ab6080284a9ee,
        type: 3}
      propertyPath: m_LocalRotation.y
      value: 0
      objectReference: {fileID: 0}
    - target: {fileID: 8778178071425736830, guid: e8ed26d43870f9c4fa3ab6080284a9ee,
        type: 3}
      propertyPath: m_LocalRotation.z
      value: 0
      objectReference: {fileID: 0}
    - target: {fileID: 8778178071425736830, guid: e8ed26d43870f9c4fa3ab6080284a9ee,
        type: 3}
      propertyPath: m_LocalRotation.w
      value: 1
      objectReference: {fileID: 0}
    - target: {fileID: 8778178071425736830, guid: e8ed26d43870f9c4fa3ab6080284a9ee,
        type: 3}
      propertyPath: m_RootOrder
      value: 19
      objectReference: {fileID: 0}
    - target: {fileID: 8778178071425736830, guid: e8ed26d43870f9c4fa3ab6080284a9ee,
        type: 3}
      propertyPath: m_LocalEulerAnglesHint.x
      value: 0
      objectReference: {fileID: 0}
    - target: {fileID: 8778178071425736830, guid: e8ed26d43870f9c4fa3ab6080284a9ee,
        type: 3}
      propertyPath: m_LocalEulerAnglesHint.y
      value: 0
      objectReference: {fileID: 0}
    - target: {fileID: 8778178071425736830, guid: e8ed26d43870f9c4fa3ab6080284a9ee,
        type: 3}
      propertyPath: m_LocalEulerAnglesHint.z
      value: 0
      objectReference: {fileID: 0}
    m_RemovedComponents: []
  m_SourcePrefab: {fileID: 100100000, guid: e8ed26d43870f9c4fa3ab6080284a9ee, type: 3}
--- !u!4 &7338385731053778118 stripped
Transform:
  m_CorrespondingSourceObject: {fileID: 8778178071425736830, guid: e8ed26d43870f9c4fa3ab6080284a9ee,
    type: 3}
  m_PrefabInstance: {fileID: 2019148115515610296}
  m_PrefabAsset: {fileID: 0}
--- !u!1001 &2810838349716860543
PrefabInstance:
  m_ObjectHideFlags: 0
  serializedVersion: 2
  m_Modification:
    m_TransformParent: {fileID: 7100073606905119634}
    m_Modifications:
    - target: {fileID: 430858274833983096, guid: 5a31835022663c54c9b0f7a1a41c9752,
        type: 3}
      propertyPath: m_LocalPosition.x
      value: 1.06
      objectReference: {fileID: 0}
    - target: {fileID: 430858274833983096, guid: 5a31835022663c54c9b0f7a1a41c9752,
        type: 3}
      propertyPath: m_LocalPosition.y
      value: 0.34566897
      objectReference: {fileID: 0}
    - target: {fileID: 430858274833983096, guid: 5a31835022663c54c9b0f7a1a41c9752,
        type: 3}
      propertyPath: m_LocalPosition.z
      value: 41.78
      objectReference: {fileID: 0}
    - target: {fileID: 430858274833983096, guid: 5a31835022663c54c9b0f7a1a41c9752,
        type: 3}
      propertyPath: m_LocalRotation.x
      value: -0
      objectReference: {fileID: 0}
    - target: {fileID: 430858274833983096, guid: 5a31835022663c54c9b0f7a1a41c9752,
        type: 3}
      propertyPath: m_LocalRotation.y
      value: -0
      objectReference: {fileID: 0}
    - target: {fileID: 430858274833983096, guid: 5a31835022663c54c9b0f7a1a41c9752,
        type: 3}
      propertyPath: m_LocalRotation.z
      value: -0
      objectReference: {fileID: 0}
    - target: {fileID: 430858274833983096, guid: 5a31835022663c54c9b0f7a1a41c9752,
        type: 3}
      propertyPath: m_LocalRotation.w
      value: 1
      objectReference: {fileID: 0}
    - target: {fileID: 430858274833983096, guid: 5a31835022663c54c9b0f7a1a41c9752,
        type: 3}
      propertyPath: m_RootOrder
      value: 7
      objectReference: {fileID: 0}
    - target: {fileID: 430858274833983096, guid: 5a31835022663c54c9b0f7a1a41c9752,
        type: 3}
      propertyPath: m_LocalEulerAnglesHint.x
      value: 0
      objectReference: {fileID: 0}
    - target: {fileID: 430858274833983096, guid: 5a31835022663c54c9b0f7a1a41c9752,
        type: 3}
      propertyPath: m_LocalEulerAnglesHint.y
      value: 0
      objectReference: {fileID: 0}
    - target: {fileID: 430858274833983096, guid: 5a31835022663c54c9b0f7a1a41c9752,
        type: 3}
      propertyPath: m_LocalEulerAnglesHint.z
      value: 0
      objectReference: {fileID: 0}
    - target: {fileID: 6648619343711266150, guid: 5a31835022663c54c9b0f7a1a41c9752,
        type: 3}
      propertyPath: m_Name
      value: Hole (1)
      objectReference: {fileID: 0}
    m_RemovedComponents: []
  m_SourcePrefab: {fileID: 100100000, guid: 5a31835022663c54c9b0f7a1a41c9752, type: 3}
--- !u!4 &2519955063333406727 stripped
Transform:
  m_CorrespondingSourceObject: {fileID: 430858274833983096, guid: 5a31835022663c54c9b0f7a1a41c9752,
    type: 3}
  m_PrefabInstance: {fileID: 2810838349716860543}
  m_PrefabAsset: {fileID: 0}
--- !u!1001 &2991941962230993424
PrefabInstance:
  m_ObjectHideFlags: 0
  serializedVersion: 2
  m_Modification:
    m_TransformParent: {fileID: 7100073606905119634}
    m_Modifications:
    - target: {fileID: 8257784081618844356, guid: e8ed26d43870f9c4fa3ab6080284a9ee,
        type: 3}
      propertyPath: m_Name
      value: Coin 15
      objectReference: {fileID: 0}
    - target: {fileID: 8778178071425736830, guid: e8ed26d43870f9c4fa3ab6080284a9ee,
        type: 3}
      propertyPath: m_LocalPosition.x
      value: 0.74
      objectReference: {fileID: 0}
    - target: {fileID: 8778178071425736830, guid: e8ed26d43870f9c4fa3ab6080284a9ee,
        type: 3}
      propertyPath: m_LocalPosition.y
      value: 1.31
      objectReference: {fileID: 0}
    - target: {fileID: 8778178071425736830, guid: e8ed26d43870f9c4fa3ab6080284a9ee,
        type: 3}
      propertyPath: m_LocalPosition.z
      value: 45.4
      objectReference: {fileID: 0}
    - target: {fileID: 8778178071425736830, guid: e8ed26d43870f9c4fa3ab6080284a9ee,
        type: 3}
      propertyPath: m_LocalRotation.x
      value: 0
      objectReference: {fileID: 0}
    - target: {fileID: 8778178071425736830, guid: e8ed26d43870f9c4fa3ab6080284a9ee,
        type: 3}
      propertyPath: m_LocalRotation.y
      value: 0
      objectReference: {fileID: 0}
    - target: {fileID: 8778178071425736830, guid: e8ed26d43870f9c4fa3ab6080284a9ee,
        type: 3}
      propertyPath: m_LocalRotation.z
      value: 0
      objectReference: {fileID: 0}
    - target: {fileID: 8778178071425736830, guid: e8ed26d43870f9c4fa3ab6080284a9ee,
        type: 3}
      propertyPath: m_LocalRotation.w
      value: 1
      objectReference: {fileID: 0}
    - target: {fileID: 8778178071425736830, guid: e8ed26d43870f9c4fa3ab6080284a9ee,
        type: 3}
      propertyPath: m_RootOrder
      value: 22
      objectReference: {fileID: 0}
    - target: {fileID: 8778178071425736830, guid: e8ed26d43870f9c4fa3ab6080284a9ee,
        type: 3}
      propertyPath: m_LocalEulerAnglesHint.x
      value: 0
      objectReference: {fileID: 0}
    - target: {fileID: 8778178071425736830, guid: e8ed26d43870f9c4fa3ab6080284a9ee,
        type: 3}
      propertyPath: m_LocalEulerAnglesHint.y
      value: 0
      objectReference: {fileID: 0}
    - target: {fileID: 8778178071425736830, guid: e8ed26d43870f9c4fa3ab6080284a9ee,
        type: 3}
      propertyPath: m_LocalEulerAnglesHint.z
      value: 0
      objectReference: {fileID: 0}
    m_RemovedComponents: []
  m_SourcePrefab: {fileID: 100100000, guid: e8ed26d43870f9c4fa3ab6080284a9ee, type: 3}
--- !u!4 &5789334640504959598 stripped
Transform:
  m_CorrespondingSourceObject: {fileID: 8778178071425736830, guid: e8ed26d43870f9c4fa3ab6080284a9ee,
    type: 3}
  m_PrefabInstance: {fileID: 2991941962230993424}
  m_PrefabAsset: {fileID: 0}
--- !u!1001 &3216095593150979732
PrefabInstance:
  m_ObjectHideFlags: 0
  serializedVersion: 2
  m_Modification:
    m_TransformParent: {fileID: 7100073606905119634}
    m_Modifications:
    - target: {fileID: 8257784081618844356, guid: e8ed26d43870f9c4fa3ab6080284a9ee,
        type: 3}
      propertyPath: m_Name
      value: Coin 11
      objectReference: {fileID: 0}
    - target: {fileID: 8778178071425736830, guid: e8ed26d43870f9c4fa3ab6080284a9ee,
        type: 3}
      propertyPath: m_LocalPosition.x
      value: 0
      objectReference: {fileID: 0}
    - target: {fileID: 8778178071425736830, guid: e8ed26d43870f9c4fa3ab6080284a9ee,
        type: 3}
      propertyPath: m_LocalPosition.y
      value: 1.31
      objectReference: {fileID: 0}
    - target: {fileID: 8778178071425736830, guid: e8ed26d43870f9c4fa3ab6080284a9ee,
        type: 3}
      propertyPath: m_LocalPosition.z
      value: 29.21
      objectReference: {fileID: 0}
    - target: {fileID: 8778178071425736830, guid: e8ed26d43870f9c4fa3ab6080284a9ee,
        type: 3}
      propertyPath: m_LocalRotation.x
      value: 0
      objectReference: {fileID: 0}
    - target: {fileID: 8778178071425736830, guid: e8ed26d43870f9c4fa3ab6080284a9ee,
        type: 3}
      propertyPath: m_LocalRotation.y
      value: 0
      objectReference: {fileID: 0}
    - target: {fileID: 8778178071425736830, guid: e8ed26d43870f9c4fa3ab6080284a9ee,
        type: 3}
      propertyPath: m_LocalRotation.z
      value: 0
      objectReference: {fileID: 0}
    - target: {fileID: 8778178071425736830, guid: e8ed26d43870f9c4fa3ab6080284a9ee,
        type: 3}
      propertyPath: m_LocalRotation.w
      value: 1
      objectReference: {fileID: 0}
    - target: {fileID: 8778178071425736830, guid: e8ed26d43870f9c4fa3ab6080284a9ee,
        type: 3}
      propertyPath: m_RootOrder
      value: 20
      objectReference: {fileID: 0}
    - target: {fileID: 8778178071425736830, guid: e8ed26d43870f9c4fa3ab6080284a9ee,
        type: 3}
      propertyPath: m_LocalEulerAnglesHint.x
      value: 0
      objectReference: {fileID: 0}
    - target: {fileID: 8778178071425736830, guid: e8ed26d43870f9c4fa3ab6080284a9ee,
        type: 3}
      propertyPath: m_LocalEulerAnglesHint.y
      value: 0
      objectReference: {fileID: 0}
    - target: {fileID: 8778178071425736830, guid: e8ed26d43870f9c4fa3ab6080284a9ee,
        type: 3}
      propertyPath: m_LocalEulerAnglesHint.z
      value: 0
      objectReference: {fileID: 0}
    m_RemovedComponents: []
  m_SourcePrefab: {fileID: 100100000, guid: e8ed26d43870f9c4fa3ab6080284a9ee, type: 3}
--- !u!4 &6157414191629270762 stripped
Transform:
  m_CorrespondingSourceObject: {fileID: 8778178071425736830, guid: e8ed26d43870f9c4fa3ab6080284a9ee,
    type: 3}
  m_PrefabInstance: {fileID: 3216095593150979732}
  m_PrefabAsset: {fileID: 0}
--- !u!1001 &3565659967310268867
PrefabInstance:
  m_ObjectHideFlags: 0
  serializedVersion: 2
  m_Modification:
    m_TransformParent: {fileID: 7100073606905119634}
    m_Modifications:
    - target: {fileID: 8257784081618844356, guid: e8ed26d43870f9c4fa3ab6080284a9ee,
        type: 3}
      propertyPath: m_Name
      value: Coin 19
      objectReference: {fileID: 0}
    - target: {fileID: 8778178071425736830, guid: e8ed26d43870f9c4fa3ab6080284a9ee,
        type: 3}
      propertyPath: m_LocalPosition.x
      value: -2.64
      objectReference: {fileID: 0}
    - target: {fileID: 8778178071425736830, guid: e8ed26d43870f9c4fa3ab6080284a9ee,
        type: 3}
      propertyPath: m_LocalPosition.y
      value: 1.31
      objectReference: {fileID: 0}
    - target: {fileID: 8778178071425736830, guid: e8ed26d43870f9c4fa3ab6080284a9ee,
        type: 3}
      propertyPath: m_LocalPosition.z
      value: 58.64
      objectReference: {fileID: 0}
    - target: {fileID: 8778178071425736830, guid: e8ed26d43870f9c4fa3ab6080284a9ee,
        type: 3}
      propertyPath: m_LocalRotation.x
      value: 0
      objectReference: {fileID: 0}
    - target: {fileID: 8778178071425736830, guid: e8ed26d43870f9c4fa3ab6080284a9ee,
        type: 3}
      propertyPath: m_LocalRotation.y
      value: 0
      objectReference: {fileID: 0}
    - target: {fileID: 8778178071425736830, guid: e8ed26d43870f9c4fa3ab6080284a9ee,
        type: 3}
      propertyPath: m_LocalRotation.z
      value: 0
      objectReference: {fileID: 0}
    - target: {fileID: 8778178071425736830, guid: e8ed26d43870f9c4fa3ab6080284a9ee,
        type: 3}
      propertyPath: m_LocalRotation.w
      value: 1
      objectReference: {fileID: 0}
    - target: {fileID: 8778178071425736830, guid: e8ed26d43870f9c4fa3ab6080284a9ee,
        type: 3}
      propertyPath: m_RootOrder
      value: 12
      objectReference: {fileID: 0}
    - target: {fileID: 8778178071425736830, guid: e8ed26d43870f9c4fa3ab6080284a9ee,
        type: 3}
      propertyPath: m_LocalEulerAnglesHint.x
      value: 0
      objectReference: {fileID: 0}
    - target: {fileID: 8778178071425736830, guid: e8ed26d43870f9c4fa3ab6080284a9ee,
        type: 3}
      propertyPath: m_LocalEulerAnglesHint.y
      value: 0
      objectReference: {fileID: 0}
    - target: {fileID: 8778178071425736830, guid: e8ed26d43870f9c4fa3ab6080284a9ee,
        type: 3}
      propertyPath: m_LocalEulerAnglesHint.z
      value: 0
      objectReference: {fileID: 0}
    m_RemovedComponents: []
  m_SourcePrefab: {fileID: 100100000, guid: e8ed26d43870f9c4fa3ab6080284a9ee, type: 3}
--- !u!4 &5235890500265339325 stripped
Transform:
  m_CorrespondingSourceObject: {fileID: 8778178071425736830, guid: e8ed26d43870f9c4fa3ab6080284a9ee,
    type: 3}
  m_PrefabInstance: {fileID: 3565659967310268867}
  m_PrefabAsset: {fileID: 0}
--- !u!1001 &3595356639691804474
PrefabInstance:
  m_ObjectHideFlags: 0
  serializedVersion: 2
  m_Modification:
    m_TransformParent: {fileID: 7100073606905119634}
    m_Modifications:
    - target: {fileID: 8257784081618844356, guid: e8ed26d43870f9c4fa3ab6080284a9ee,
        type: 3}
      propertyPath: m_Name
      value: Coin 4
      objectReference: {fileID: 0}
    - target: {fileID: 8778178071425736830, guid: e8ed26d43870f9c4fa3ab6080284a9ee,
        type: 3}
      propertyPath: m_LocalPosition.x
      value: -2.23
      objectReference: {fileID: 0}
    - target: {fileID: 8778178071425736830, guid: e8ed26d43870f9c4fa3ab6080284a9ee,
        type: 3}
      propertyPath: m_LocalPosition.y
      value: 1.31
      objectReference: {fileID: 0}
    - target: {fileID: 8778178071425736830, guid: e8ed26d43870f9c4fa3ab6080284a9ee,
        type: 3}
      propertyPath: m_LocalPosition.z
      value: 10.36
      objectReference: {fileID: 0}
    - target: {fileID: 8778178071425736830, guid: e8ed26d43870f9c4fa3ab6080284a9ee,
        type: 3}
      propertyPath: m_LocalRotation.x
      value: 0
      objectReference: {fileID: 0}
    - target: {fileID: 8778178071425736830, guid: e8ed26d43870f9c4fa3ab6080284a9ee,
        type: 3}
      propertyPath: m_LocalRotation.y
      value: 0
      objectReference: {fileID: 0}
    - target: {fileID: 8778178071425736830, guid: e8ed26d43870f9c4fa3ab6080284a9ee,
        type: 3}
      propertyPath: m_LocalRotation.z
      value: 0
      objectReference: {fileID: 0}
    - target: {fileID: 8778178071425736830, guid: e8ed26d43870f9c4fa3ab6080284a9ee,
        type: 3}
      propertyPath: m_LocalRotation.w
      value: 1
      objectReference: {fileID: 0}
    - target: {fileID: 8778178071425736830, guid: e8ed26d43870f9c4fa3ab6080284a9ee,
        type: 3}
      propertyPath: m_RootOrder
      value: 16
      objectReference: {fileID: 0}
    - target: {fileID: 8778178071425736830, guid: e8ed26d43870f9c4fa3ab6080284a9ee,
        type: 3}
      propertyPath: m_LocalEulerAnglesHint.x
      value: 0
      objectReference: {fileID: 0}
    - target: {fileID: 8778178071425736830, guid: e8ed26d43870f9c4fa3ab6080284a9ee,
        type: 3}
      propertyPath: m_LocalEulerAnglesHint.y
      value: 0
      objectReference: {fileID: 0}
    - target: {fileID: 8778178071425736830, guid: e8ed26d43870f9c4fa3ab6080284a9ee,
        type: 3}
      propertyPath: m_LocalEulerAnglesHint.z
      value: 0
      objectReference: {fileID: 0}
    m_RemovedComponents: []
  m_SourcePrefab: {fileID: 100100000, guid: e8ed26d43870f9c4fa3ab6080284a9ee, type: 3}
--- !u!4 &5203662679118999364 stripped
Transform:
  m_CorrespondingSourceObject: {fileID: 8778178071425736830, guid: e8ed26d43870f9c4fa3ab6080284a9ee,
    type: 3}
  m_PrefabInstance: {fileID: 3595356639691804474}
  m_PrefabAsset: {fileID: 0}
--- !u!1001 &3677641013138879769
PrefabInstance:
  m_ObjectHideFlags: 0
  serializedVersion: 2
  m_Modification:
    m_TransformParent: {fileID: 7100073606905119634}
    m_Modifications:
    - target: {fileID: 8257784081618844356, guid: e8ed26d43870f9c4fa3ab6080284a9ee,
        type: 3}
      propertyPath: m_Name
      value: Coin 10
      objectReference: {fileID: 0}
    - target: {fileID: 8778178071425736830, guid: e8ed26d43870f9c4fa3ab6080284a9ee,
        type: 3}
      propertyPath: m_LocalPosition.x
      value: 4.36
      objectReference: {fileID: 0}
    - target: {fileID: 8778178071425736830, guid: e8ed26d43870f9c4fa3ab6080284a9ee,
        type: 3}
      propertyPath: m_LocalPosition.y
      value: 1.31
      objectReference: {fileID: 0}
    - target: {fileID: 8778178071425736830, guid: e8ed26d43870f9c4fa3ab6080284a9ee,
        type: 3}
      propertyPath: m_LocalPosition.z
      value: 27.1
      objectReference: {fileID: 0}
    - target: {fileID: 8778178071425736830, guid: e8ed26d43870f9c4fa3ab6080284a9ee,
        type: 3}
      propertyPath: m_LocalRotation.x
      value: 0
      objectReference: {fileID: 0}
    - target: {fileID: 8778178071425736830, guid: e8ed26d43870f9c4fa3ab6080284a9ee,
        type: 3}
      propertyPath: m_LocalRotation.y
      value: 0
      objectReference: {fileID: 0}
    - target: {fileID: 8778178071425736830, guid: e8ed26d43870f9c4fa3ab6080284a9ee,
        type: 3}
      propertyPath: m_LocalRotation.z
      value: 0
      objectReference: {fileID: 0}
    - target: {fileID: 8778178071425736830, guid: e8ed26d43870f9c4fa3ab6080284a9ee,
        type: 3}
      propertyPath: m_LocalRotation.w
      value: 1
      objectReference: {fileID: 0}
    - target: {fileID: 8778178071425736830, guid: e8ed26d43870f9c4fa3ab6080284a9ee,
        type: 3}
      propertyPath: m_RootOrder
      value: 10
      objectReference: {fileID: 0}
    - target: {fileID: 8778178071425736830, guid: e8ed26d43870f9c4fa3ab6080284a9ee,
        type: 3}
      propertyPath: m_LocalEulerAnglesHint.x
      value: 0
      objectReference: {fileID: 0}
    - target: {fileID: 8778178071425736830, guid: e8ed26d43870f9c4fa3ab6080284a9ee,
        type: 3}
      propertyPath: m_LocalEulerAnglesHint.y
      value: 0
      objectReference: {fileID: 0}
    - target: {fileID: 8778178071425736830, guid: e8ed26d43870f9c4fa3ab6080284a9ee,
        type: 3}
      propertyPath: m_LocalEulerAnglesHint.z
      value: 0
      objectReference: {fileID: 0}
    m_RemovedComponents: []
  m_SourcePrefab: {fileID: 100100000, guid: e8ed26d43870f9c4fa3ab6080284a9ee, type: 3}
--- !u!4 &5394117692564739431 stripped
Transform:
  m_CorrespondingSourceObject: {fileID: 8778178071425736830, guid: e8ed26d43870f9c4fa3ab6080284a9ee,
    type: 3}
  m_PrefabInstance: {fileID: 3677641013138879769}
  m_PrefabAsset: {fileID: 0}
--- !u!1001 &4487548648484272465
PrefabInstance:
  m_ObjectHideFlags: 0
  serializedVersion: 2
  m_Modification:
    m_TransformParent: {fileID: 7100073606905119634}
    m_Modifications:
    - target: {fileID: 1436398286074176, guid: aa7a79e53bee7d64e9b1fb9894a773a5, type: 3}
      propertyPath: m_Name
      value: SM_Prop_StoneWall_01
      objectReference: {fileID: 0}
    - target: {fileID: 1436398286074176, guid: aa7a79e53bee7d64e9b1fb9894a773a5, type: 3}
      propertyPath: m_TagString
      value: Obstacule
      objectReference: {fileID: 0}
    - target: {fileID: 4339720627652856, guid: aa7a79e53bee7d64e9b1fb9894a773a5, type: 3}
      propertyPath: m_LocalPosition.x
      value: -8.23
      objectReference: {fileID: 0}
    - target: {fileID: 4339720627652856, guid: aa7a79e53bee7d64e9b1fb9894a773a5, type: 3}
      propertyPath: m_LocalPosition.y
      value: 0
      objectReference: {fileID: 0}
    - target: {fileID: 4339720627652856, guid: aa7a79e53bee7d64e9b1fb9894a773a5, type: 3}
      propertyPath: m_LocalPosition.z
      value: 17.54
      objectReference: {fileID: 0}
    - target: {fileID: 4339720627652856, guid: aa7a79e53bee7d64e9b1fb9894a773a5, type: 3}
      propertyPath: m_LocalRotation.x
      value: -0
      objectReference: {fileID: 0}
    - target: {fileID: 4339720627652856, guid: aa7a79e53bee7d64e9b1fb9894a773a5, type: 3}
      propertyPath: m_LocalRotation.y
      value: -0
      objectReference: {fileID: 0}
    - target: {fileID: 4339720627652856, guid: aa7a79e53bee7d64e9b1fb9894a773a5, type: 3}
      propertyPath: m_LocalRotation.z
      value: -0
      objectReference: {fileID: 0}
    - target: {fileID: 4339720627652856, guid: aa7a79e53bee7d64e9b1fb9894a773a5, type: 3}
      propertyPath: m_LocalRotation.w
      value: 1
      objectReference: {fileID: 0}
    - target: {fileID: 4339720627652856, guid: aa7a79e53bee7d64e9b1fb9894a773a5, type: 3}
      propertyPath: m_RootOrder
      value: 3
      objectReference: {fileID: 0}
    - target: {fileID: 4339720627652856, guid: aa7a79e53bee7d64e9b1fb9894a773a5, type: 3}
      propertyPath: m_LocalEulerAnglesHint.x
      value: 0
      objectReference: {fileID: 0}
    - target: {fileID: 4339720627652856, guid: aa7a79e53bee7d64e9b1fb9894a773a5, type: 3}
      propertyPath: m_LocalEulerAnglesHint.y
      value: 0
      objectReference: {fileID: 0}
    - target: {fileID: 4339720627652856, guid: aa7a79e53bee7d64e9b1fb9894a773a5, type: 3}
      propertyPath: m_LocalEulerAnglesHint.z
      value: 0
      objectReference: {fileID: 0}
    - target: {fileID: 4339720627652856, guid: aa7a79e53bee7d64e9b1fb9894a773a5, type: 3}
      propertyPath: m_LocalScale.x
      value: 1.6511589
      objectReference: {fileID: 0}
    - target: {fileID: 4339720627652856, guid: aa7a79e53bee7d64e9b1fb9894a773a5, type: 3}
      propertyPath: m_LocalScale.y
      value: 2.7911
      objectReference: {fileID: 0}
    - target: {fileID: 4339720627652856, guid: aa7a79e53bee7d64e9b1fb9894a773a5, type: 3}
      propertyPath: m_LocalScale.z
      value: 2.7911
      objectReference: {fileID: 0}
    m_RemovedComponents: []
  m_SourcePrefab: {fileID: 100100000, guid: aa7a79e53bee7d64e9b1fb9894a773a5, type: 3}
--- !u!1 &4486680195484911633 stripped
GameObject:
  m_CorrespondingSourceObject: {fileID: 1436398286074176, guid: aa7a79e53bee7d64e9b1fb9894a773a5,
    type: 3}
  m_PrefabInstance: {fileID: 4487548648484272465}
  m_PrefabAsset: {fileID: 0}
--- !u!4 &4488280456992649641 stripped
Transform:
  m_CorrespondingSourceObject: {fileID: 4339720627652856, guid: aa7a79e53bee7d64e9b1fb9894a773a5,
    type: 3}
  m_PrefabInstance: {fileID: 4487548648484272465}
  m_PrefabAsset: {fileID: 0}
--- !u!1001 &5193029910001887822
PrefabInstance:
  m_ObjectHideFlags: 0
  serializedVersion: 2
  m_Modification:
    m_TransformParent: {fileID: 7100073606905119634}
    m_Modifications:
    - target: {fileID: 8257784081618844356, guid: e8ed26d43870f9c4fa3ab6080284a9ee,
        type: 3}
      propertyPath: m_Name
      value: Coin 21
      objectReference: {fileID: 0}
    - target: {fileID: 8778178071425736830, guid: e8ed26d43870f9c4fa3ab6080284a9ee,
        type: 3}
      propertyPath: m_LocalPosition.x
      value: 2.79
      objectReference: {fileID: 0}
    - target: {fileID: 8778178071425736830, guid: e8ed26d43870f9c4fa3ab6080284a9ee,
        type: 3}
      propertyPath: m_LocalPosition.y
      value: 1.31
      objectReference: {fileID: 0}
    - target: {fileID: 8778178071425736830, guid: e8ed26d43870f9c4fa3ab6080284a9ee,
        type: 3}
      propertyPath: m_LocalPosition.z
      value: 64.6
      objectReference: {fileID: 0}
    - target: {fileID: 8778178071425736830, guid: e8ed26d43870f9c4fa3ab6080284a9ee,
        type: 3}
      propertyPath: m_LocalRotation.x
      value: 0
      objectReference: {fileID: 0}
    - target: {fileID: 8778178071425736830, guid: e8ed26d43870f9c4fa3ab6080284a9ee,
        type: 3}
      propertyPath: m_LocalRotation.y
      value: 0
      objectReference: {fileID: 0}
    - target: {fileID: 8778178071425736830, guid: e8ed26d43870f9c4fa3ab6080284a9ee,
        type: 3}
      propertyPath: m_LocalRotation.z
      value: 0
      objectReference: {fileID: 0}
    - target: {fileID: 8778178071425736830, guid: e8ed26d43870f9c4fa3ab6080284a9ee,
        type: 3}
      propertyPath: m_LocalRotation.w
      value: 1
      objectReference: {fileID: 0}
    - target: {fileID: 8778178071425736830, guid: e8ed26d43870f9c4fa3ab6080284a9ee,
        type: 3}
      propertyPath: m_RootOrder
      value: 24
      objectReference: {fileID: 0}
    - target: {fileID: 8778178071425736830, guid: e8ed26d43870f9c4fa3ab6080284a9ee,
        type: 3}
      propertyPath: m_LocalEulerAnglesHint.x
      value: 0
      objectReference: {fileID: 0}
    - target: {fileID: 8778178071425736830, guid: e8ed26d43870f9c4fa3ab6080284a9ee,
        type: 3}
      propertyPath: m_LocalEulerAnglesHint.y
      value: 0
      objectReference: {fileID: 0}
    - target: {fileID: 8778178071425736830, guid: e8ed26d43870f9c4fa3ab6080284a9ee,
        type: 3}
      propertyPath: m_LocalEulerAnglesHint.z
      value: 0
      objectReference: {fileID: 0}
    m_RemovedComponents: []
  m_SourcePrefab: {fileID: 100100000, guid: e8ed26d43870f9c4fa3ab6080284a9ee, type: 3}
--- !u!4 &3585713310585080368 stripped
Transform:
  m_CorrespondingSourceObject: {fileID: 8778178071425736830, guid: e8ed26d43870f9c4fa3ab6080284a9ee,
    type: 3}
  m_PrefabInstance: {fileID: 5193029910001887822}
  m_PrefabAsset: {fileID: 0}
--- !u!1001 &5372195187716949480
PrefabInstance:
  m_ObjectHideFlags: 0
  serializedVersion: 2
  m_Modification:
    m_TransformParent: {fileID: 7100073606905119634}
    m_Modifications:
    - target: {fileID: 430858274833983096, guid: 5a31835022663c54c9b0f7a1a41c9752,
        type: 3}
      propertyPath: m_LocalPosition.x
      value: 4.64
      objectReference: {fileID: 0}
    - target: {fileID: 430858274833983096, guid: 5a31835022663c54c9b0f7a1a41c9752,
        type: 3}
      propertyPath: m_LocalPosition.y
      value: 0.34566897
      objectReference: {fileID: 0}
    - target: {fileID: 430858274833983096, guid: 5a31835022663c54c9b0f7a1a41c9752,
        type: 3}
      propertyPath: m_LocalPosition.z
      value: 17.99
      objectReference: {fileID: 0}
    - target: {fileID: 430858274833983096, guid: 5a31835022663c54c9b0f7a1a41c9752,
        type: 3}
      propertyPath: m_LocalRotation.x
      value: -0
      objectReference: {fileID: 0}
    - target: {fileID: 430858274833983096, guid: 5a31835022663c54c9b0f7a1a41c9752,
        type: 3}
      propertyPath: m_LocalRotation.y
      value: -0
      objectReference: {fileID: 0}
    - target: {fileID: 430858274833983096, guid: 5a31835022663c54c9b0f7a1a41c9752,
        type: 3}
      propertyPath: m_LocalRotation.z
      value: -0
      objectReference: {fileID: 0}
    - target: {fileID: 430858274833983096, guid: 5a31835022663c54c9b0f7a1a41c9752,
        type: 3}
      propertyPath: m_LocalRotation.w
      value: 1
      objectReference: {fileID: 0}
    - target: {fileID: 430858274833983096, guid: 5a31835022663c54c9b0f7a1a41c9752,
        type: 3}
      propertyPath: m_RootOrder
      value: 6
      objectReference: {fileID: 0}
    - target: {fileID: 430858274833983096, guid: 5a31835022663c54c9b0f7a1a41c9752,
        type: 3}
      propertyPath: m_LocalEulerAnglesHint.x
      value: 0
      objectReference: {fileID: 0}
    - target: {fileID: 430858274833983096, guid: 5a31835022663c54c9b0f7a1a41c9752,
        type: 3}
      propertyPath: m_LocalEulerAnglesHint.y
      value: 0
      objectReference: {fileID: 0}
    - target: {fileID: 430858274833983096, guid: 5a31835022663c54c9b0f7a1a41c9752,
        type: 3}
      propertyPath: m_LocalEulerAnglesHint.z
      value: 0
      objectReference: {fileID: 0}
    - target: {fileID: 6648619343711266150, guid: 5a31835022663c54c9b0f7a1a41c9752,
        type: 3}
      propertyPath: m_Name
      value: Hole
      objectReference: {fileID: 0}
    m_RemovedComponents: []
  m_SourcePrefab: {fileID: 100100000, guid: 5a31835022663c54c9b0f7a1a41c9752, type: 3}
--- !u!4 &5726160204562359184 stripped
Transform:
  m_CorrespondingSourceObject: {fileID: 430858274833983096, guid: 5a31835022663c54c9b0f7a1a41c9752,
    type: 3}
  m_PrefabInstance: {fileID: 5372195187716949480}
  m_PrefabAsset: {fileID: 0}
--- !u!1001 &5644912190805319152
PrefabInstance:
  m_ObjectHideFlags: 0
  serializedVersion: 2
  m_Modification:
    m_TransformParent: {fileID: 7100073606905119634}
    m_Modifications:
    - target: {fileID: 8257784081618844356, guid: e8ed26d43870f9c4fa3ab6080284a9ee,
        type: 3}
      propertyPath: m_Name
      value: Coin 6
      objectReference: {fileID: 0}
    - target: {fileID: 8778178071425736830, guid: e8ed26d43870f9c4fa3ab6080284a9ee,
        type: 3}
      propertyPath: m_LocalPosition.x
      value: -2.23
      objectReference: {fileID: 0}
    - target: {fileID: 8778178071425736830, guid: e8ed26d43870f9c4fa3ab6080284a9ee,
        type: 3}
      propertyPath: m_LocalPosition.y
      value: 1.31
      objectReference: {fileID: 0}
    - target: {fileID: 8778178071425736830, guid: e8ed26d43870f9c4fa3ab6080284a9ee,
        type: 3}
      propertyPath: m_LocalPosition.z
      value: 13.9
      objectReference: {fileID: 0}
    - target: {fileID: 8778178071425736830, guid: e8ed26d43870f9c4fa3ab6080284a9ee,
        type: 3}
      propertyPath: m_LocalRotation.x
      value: 0
      objectReference: {fileID: 0}
    - target: {fileID: 8778178071425736830, guid: e8ed26d43870f9c4fa3ab6080284a9ee,
        type: 3}
      propertyPath: m_LocalRotation.y
      value: 0
      objectReference: {fileID: 0}
    - target: {fileID: 8778178071425736830, guid: e8ed26d43870f9c4fa3ab6080284a9ee,
        type: 3}
      propertyPath: m_LocalRotation.z
      value: 0
      objectReference: {fileID: 0}
    - target: {fileID: 8778178071425736830, guid: e8ed26d43870f9c4fa3ab6080284a9ee,
        type: 3}
      propertyPath: m_LocalRotation.w
      value: 1
      objectReference: {fileID: 0}
    - target: {fileID: 8778178071425736830, guid: e8ed26d43870f9c4fa3ab6080284a9ee,
        type: 3}
      propertyPath: m_RootOrder
      value: 17
      objectReference: {fileID: 0}
    - target: {fileID: 8778178071425736830, guid: e8ed26d43870f9c4fa3ab6080284a9ee,
        type: 3}
      propertyPath: m_LocalEulerAnglesHint.x
      value: 0
      objectReference: {fileID: 0}
    - target: {fileID: 8778178071425736830, guid: e8ed26d43870f9c4fa3ab6080284a9ee,
        type: 3}
      propertyPath: m_LocalEulerAnglesHint.y
      value: 0
      objectReference: {fileID: 0}
    - target: {fileID: 8778178071425736830, guid: e8ed26d43870f9c4fa3ab6080284a9ee,
        type: 3}
      propertyPath: m_LocalEulerAnglesHint.z
      value: 0
      objectReference: {fileID: 0}
    m_RemovedComponents: []
  m_SourcePrefab: {fileID: 100100000, guid: e8ed26d43870f9c4fa3ab6080284a9ee, type: 3}
--- !u!4 &4000493655450025358 stripped
Transform:
  m_CorrespondingSourceObject: {fileID: 8778178071425736830, guid: e8ed26d43870f9c4fa3ab6080284a9ee,
    type: 3}
  m_PrefabInstance: {fileID: 5644912190805319152}
  m_PrefabAsset: {fileID: 0}
--- !u!1001 &6376119016512741076
PrefabInstance:
  m_ObjectHideFlags: 0
  serializedVersion: 2
  m_Modification:
    m_TransformParent: {fileID: 7100073606905119634}
    m_Modifications:
    - target: {fileID: 8257784081618844356, guid: e8ed26d43870f9c4fa3ab6080284a9ee,
        type: 3}
      propertyPath: m_Name
      value: Coin 18
      objectReference: {fileID: 0}
    - target: {fileID: 8778178071425736830, guid: e8ed26d43870f9c4fa3ab6080284a9ee,
        type: 3}
      propertyPath: m_LocalPosition.x
      value: 1.4
      objectReference: {fileID: 0}
    - target: {fileID: 8778178071425736830, guid: e8ed26d43870f9c4fa3ab6080284a9ee,
        type: 3}
      propertyPath: m_LocalPosition.y
      value: 1.31
      objectReference: {fileID: 0}
    - target: {fileID: 8778178071425736830, guid: e8ed26d43870f9c4fa3ab6080284a9ee,
        type: 3}
      propertyPath: m_LocalPosition.z
      value: 52.27
      objectReference: {fileID: 0}
    - target: {fileID: 8778178071425736830, guid: e8ed26d43870f9c4fa3ab6080284a9ee,
        type: 3}
      propertyPath: m_LocalRotation.x
      value: 0
      objectReference: {fileID: 0}
    - target: {fileID: 8778178071425736830, guid: e8ed26d43870f9c4fa3ab6080284a9ee,
        type: 3}
      propertyPath: m_LocalRotation.y
      value: 0
      objectReference: {fileID: 0}
    - target: {fileID: 8778178071425736830, guid: e8ed26d43870f9c4fa3ab6080284a9ee,
        type: 3}
      propertyPath: m_LocalRotation.z
      value: 0
      objectReference: {fileID: 0}
    - target: {fileID: 8778178071425736830, guid: e8ed26d43870f9c4fa3ab6080284a9ee,
        type: 3}
      propertyPath: m_LocalRotation.w
      value: 1
      objectReference: {fileID: 0}
    - target: {fileID: 8778178071425736830, guid: e8ed26d43870f9c4fa3ab6080284a9ee,
        type: 3}
      propertyPath: m_RootOrder
      value: 23
      objectReference: {fileID: 0}
    - target: {fileID: 8778178071425736830, guid: e8ed26d43870f9c4fa3ab6080284a9ee,
        type: 3}
      propertyPath: m_LocalEulerAnglesHint.x
      value: 0
      objectReference: {fileID: 0}
    - target: {fileID: 8778178071425736830, guid: e8ed26d43870f9c4fa3ab6080284a9ee,
        type: 3}
      propertyPath: m_LocalEulerAnglesHint.y
      value: 0
      objectReference: {fileID: 0}
    - target: {fileID: 8778178071425736830, guid: e8ed26d43870f9c4fa3ab6080284a9ee,
        type: 3}
      propertyPath: m_LocalEulerAnglesHint.z
      value: 0
      objectReference: {fileID: 0}
    m_RemovedComponents: []
  m_SourcePrefab: {fileID: 100100000, guid: e8ed26d43870f9c4fa3ab6080284a9ee, type: 3}
--- !u!4 &2427119162606141098 stripped
Transform:
  m_CorrespondingSourceObject: {fileID: 8778178071425736830, guid: e8ed26d43870f9c4fa3ab6080284a9ee,
    type: 3}
  m_PrefabInstance: {fileID: 6376119016512741076}
  m_PrefabAsset: {fileID: 0}
--- !u!1001 &6576493305488758205
PrefabInstance:
  m_ObjectHideFlags: 0
  serializedVersion: 2
  m_Modification:
    m_TransformParent: {fileID: 7100073606905119634}
    m_Modifications:
    - target: {fileID: 8257784081618844356, guid: e8ed26d43870f9c4fa3ab6080284a9ee,
        type: 3}
      propertyPath: m_Name
      value: Coin 1
      objectReference: {fileID: 0}
    - target: {fileID: 8778178071425736830, guid: e8ed26d43870f9c4fa3ab6080284a9ee,
        type: 3}
      propertyPath: m_LocalPosition.x
      value: 0.1
      objectReference: {fileID: 0}
    - target: {fileID: 8778178071425736830, guid: e8ed26d43870f9c4fa3ab6080284a9ee,
        type: 3}
      propertyPath: m_LocalPosition.y
      value: 1.31
      objectReference: {fileID: 0}
    - target: {fileID: 8778178071425736830, guid: e8ed26d43870f9c4fa3ab6080284a9ee,
        type: 3}
      propertyPath: m_LocalPosition.z
      value: 2.8
      objectReference: {fileID: 0}
    - target: {fileID: 8778178071425736830, guid: e8ed26d43870f9c4fa3ab6080284a9ee,
        type: 3}
      propertyPath: m_LocalRotation.x
      value: 0
      objectReference: {fileID: 0}
    - target: {fileID: 8778178071425736830, guid: e8ed26d43870f9c4fa3ab6080284a9ee,
        type: 3}
      propertyPath: m_LocalRotation.y
      value: 0
      objectReference: {fileID: 0}
    - target: {fileID: 8778178071425736830, guid: e8ed26d43870f9c4fa3ab6080284a9ee,
        type: 3}
      propertyPath: m_LocalRotation.z
      value: 0
      objectReference: {fileID: 0}
    - target: {fileID: 8778178071425736830, guid: e8ed26d43870f9c4fa3ab6080284a9ee,
        type: 3}
      propertyPath: m_LocalRotation.w
      value: 1
      objectReference: {fileID: 0}
    - target: {fileID: 8778178071425736830, guid: e8ed26d43870f9c4fa3ab6080284a9ee,
        type: 3}
      propertyPath: m_RootOrder
      value: 14
      objectReference: {fileID: 0}
    - target: {fileID: 8778178071425736830, guid: e8ed26d43870f9c4fa3ab6080284a9ee,
        type: 3}
      propertyPath: m_LocalEulerAnglesHint.x
      value: 0
      objectReference: {fileID: 0}
    - target: {fileID: 8778178071425736830, guid: e8ed26d43870f9c4fa3ab6080284a9ee,
        type: 3}
      propertyPath: m_LocalEulerAnglesHint.y
      value: 0
      objectReference: {fileID: 0}
    - target: {fileID: 8778178071425736830, guid: e8ed26d43870f9c4fa3ab6080284a9ee,
        type: 3}
      propertyPath: m_LocalEulerAnglesHint.z
      value: 0
      objectReference: {fileID: 0}
    m_RemovedComponents: []
  m_SourcePrefab: {fileID: 100100000, guid: e8ed26d43870f9c4fa3ab6080284a9ee, type: 3}
--- !u!4 &2492249414032176579 stripped
Transform:
  m_CorrespondingSourceObject: {fileID: 8778178071425736830, guid: e8ed26d43870f9c4fa3ab6080284a9ee,
    type: 3}
  m_PrefabInstance: {fileID: 6576493305488758205}
  m_PrefabAsset: {fileID: 0}
--- !u!1001 &6794689410255040891
PrefabInstance:
  m_ObjectHideFlags: 0
  serializedVersion: 2
  m_Modification:
    m_TransformParent: {fileID: 7100073606905119634}
    m_Modifications:
    - target: {fileID: 8257784081618844356, guid: e8ed26d43870f9c4fa3ab6080284a9ee,
        type: 3}
      propertyPath: m_Name
      value: Coin 24
      objectReference: {fileID: 0}
    - target: {fileID: 8778178071425736830, guid: e8ed26d43870f9c4fa3ab6080284a9ee,
        type: 3}
      propertyPath: m_LocalPosition.x
      value: 2.79
      objectReference: {fileID: 0}
    - target: {fileID: 8778178071425736830, guid: e8ed26d43870f9c4fa3ab6080284a9ee,
        type: 3}
      propertyPath: m_LocalPosition.y
      value: 1.31
      objectReference: {fileID: 0}
    - target: {fileID: 8778178071425736830, guid: e8ed26d43870f9c4fa3ab6080284a9ee,
        type: 3}
      propertyPath: m_LocalPosition.z
      value: 68.55
      objectReference: {fileID: 0}
    - target: {fileID: 8778178071425736830, guid: e8ed26d43870f9c4fa3ab6080284a9ee,
        type: 3}
      propertyPath: m_LocalRotation.x
      value: 0
      objectReference: {fileID: 0}
    - target: {fileID: 8778178071425736830, guid: e8ed26d43870f9c4fa3ab6080284a9ee,
        type: 3}
      propertyPath: m_LocalRotation.y
      value: 0
      objectReference: {fileID: 0}
    - target: {fileID: 8778178071425736830, guid: e8ed26d43870f9c4fa3ab6080284a9ee,
        type: 3}
      propertyPath: m_LocalRotation.z
      value: 0
      objectReference: {fileID: 0}
    - target: {fileID: 8778178071425736830, guid: e8ed26d43870f9c4fa3ab6080284a9ee,
        type: 3}
      propertyPath: m_LocalRotation.w
      value: 1
      objectReference: {fileID: 0}
    - target: {fileID: 8778178071425736830, guid: e8ed26d43870f9c4fa3ab6080284a9ee,
        type: 3}
      propertyPath: m_RootOrder
      value: 25
      objectReference: {fileID: 0}
    - target: {fileID: 8778178071425736830, guid: e8ed26d43870f9c4fa3ab6080284a9ee,
        type: 3}
      propertyPath: m_LocalEulerAnglesHint.x
      value: 0
      objectReference: {fileID: 0}
    - target: {fileID: 8778178071425736830, guid: e8ed26d43870f9c4fa3ab6080284a9ee,
        type: 3}
      propertyPath: m_LocalEulerAnglesHint.y
      value: 0
      objectReference: {fileID: 0}
    - target: {fileID: 8778178071425736830, guid: e8ed26d43870f9c4fa3ab6080284a9ee,
        type: 3}
      propertyPath: m_LocalEulerAnglesHint.z
      value: 0
      objectReference: {fileID: 0}
    m_RemovedComponents: []
  m_SourcePrefab: {fileID: 100100000, guid: e8ed26d43870f9c4fa3ab6080284a9ee, type: 3}
--- !u!4 &2853536648965673221 stripped
Transform:
  m_CorrespondingSourceObject: {fileID: 8778178071425736830, guid: e8ed26d43870f9c4fa3ab6080284a9ee,
    type: 3}
  m_PrefabInstance: {fileID: 6794689410255040891}
  m_PrefabAsset: {fileID: 0}
--- !u!1001 &7314412584715067683
PrefabInstance:
  m_ObjectHideFlags: 0
  serializedVersion: 2
  m_Modification:
    m_TransformParent: {fileID: 7100073606905119634}
    m_Modifications:
    - target: {fileID: 1932553094402948, guid: 33938ce237397e34e921bda724fb624b, type: 3}
      propertyPath: m_Name
      value: SM_Prop_StoneWall_03
      objectReference: {fileID: 0}
    - target: {fileID: 1932553094402948, guid: 33938ce237397e34e921bda724fb624b, type: 3}
      propertyPath: m_TagString
      value: Obstacule
      objectReference: {fileID: 0}
    - target: {fileID: 4204474577979000, guid: 33938ce237397e34e921bda724fb624b, type: 3}
      propertyPath: m_LocalPosition.x
      value: -0.6
      objectReference: {fileID: 0}
    - target: {fileID: 4204474577979000, guid: 33938ce237397e34e921bda724fb624b, type: 3}
      propertyPath: m_LocalPosition.y
      value: 0
      objectReference: {fileID: 0}
    - target: {fileID: 4204474577979000, guid: 33938ce237397e34e921bda724fb624b, type: 3}
      propertyPath: m_LocalPosition.z
      value: 8.39
      objectReference: {fileID: 0}
    - target: {fileID: 4204474577979000, guid: 33938ce237397e34e921bda724fb624b, type: 3}
      propertyPath: m_LocalRotation.x
      value: -0
      objectReference: {fileID: 0}
    - target: {fileID: 4204474577979000, guid: 33938ce237397e34e921bda724fb624b, type: 3}
      propertyPath: m_LocalRotation.y
      value: -0
      objectReference: {fileID: 0}
    - target: {fileID: 4204474577979000, guid: 33938ce237397e34e921bda724fb624b, type: 3}
      propertyPath: m_LocalRotation.z
      value: -0
      objectReference: {fileID: 0}
    - target: {fileID: 4204474577979000, guid: 33938ce237397e34e921bda724fb624b, type: 3}
      propertyPath: m_LocalRotation.w
      value: 1
      objectReference: {fileID: 0}
    - target: {fileID: 4204474577979000, guid: 33938ce237397e34e921bda724fb624b, type: 3}
      propertyPath: m_RootOrder
      value: 1
      objectReference: {fileID: 0}
    - target: {fileID: 4204474577979000, guid: 33938ce237397e34e921bda724fb624b, type: 3}
      propertyPath: m_LocalEulerAnglesHint.x
      value: 0
      objectReference: {fileID: 0}
    - target: {fileID: 4204474577979000, guid: 33938ce237397e34e921bda724fb624b, type: 3}
      propertyPath: m_LocalEulerAnglesHint.y
      value: 0
      objectReference: {fileID: 0}
    - target: {fileID: 4204474577979000, guid: 33938ce237397e34e921bda724fb624b, type: 3}
      propertyPath: m_LocalEulerAnglesHint.z
      value: 0
      objectReference: {fileID: 0}
    - target: {fileID: 4204474577979000, guid: 33938ce237397e34e921bda724fb624b, type: 3}
      propertyPath: m_LocalScale.x
      value: 3.4027
      objectReference: {fileID: 0}
    - target: {fileID: 4204474577979000, guid: 33938ce237397e34e921bda724fb624b, type: 3}
      propertyPath: m_LocalScale.y
      value: 3.4027
      objectReference: {fileID: 0}
    - target: {fileID: 4204474577979000, guid: 33938ce237397e34e921bda724fb624b, type: 3}
      propertyPath: m_LocalScale.z
      value: 3.4027
      objectReference: {fileID: 0}
    m_RemovedComponents: []
  m_SourcePrefab: {fileID: 100100000, guid: 33938ce237397e34e921bda724fb624b, type: 3}
--- !u!1 &7315216729488306855 stripped
GameObject:
  m_CorrespondingSourceObject: {fileID: 1932553094402948, guid: 33938ce237397e34e921bda724fb624b,
    type: 3}
  m_PrefabInstance: {fileID: 7314412584715067683}
  m_PrefabAsset: {fileID: 0}
--- !u!4 &7317483582910801755 stripped
Transform:
  m_CorrespondingSourceObject: {fileID: 4204474577979000, guid: 33938ce237397e34e921bda724fb624b,
    type: 3}
  m_PrefabInstance: {fileID: 7314412584715067683}
  m_PrefabAsset: {fileID: 0}
--- !u!1001 &7339815294612091678
PrefabInstance:
  m_ObjectHideFlags: 0
  serializedVersion: 2
  m_Modification:
    m_TransformParent: {fileID: 7100073606905119634}
    m_Modifications:
    - target: {fileID: 8257784081618844356, guid: e8ed26d43870f9c4fa3ab6080284a9ee,
        type: 3}
      propertyPath: m_Name
      value: Coin 12
      objectReference: {fileID: 0}
    - target: {fileID: 8778178071425736830, guid: e8ed26d43870f9c4fa3ab6080284a9ee,
        type: 3}
      propertyPath: m_LocalPosition.x
      value: -3.2513049
      objectReference: {fileID: 0}
    - target: {fileID: 8778178071425736830, guid: e8ed26d43870f9c4fa3ab6080284a9ee,
        type: 3}
      propertyPath: m_LocalPosition.y
      value: 1.31
      objectReference: {fileID: 0}
    - target: {fileID: 8778178071425736830, guid: e8ed26d43870f9c4fa3ab6080284a9ee,
        type: 3}
      propertyPath: m_LocalPosition.z
      value: 31.15
      objectReference: {fileID: 0}
    - target: {fileID: 8778178071425736830, guid: e8ed26d43870f9c4fa3ab6080284a9ee,
        type: 3}
      propertyPath: m_LocalRotation.x
      value: 0
      objectReference: {fileID: 0}
    - target: {fileID: 8778178071425736830, guid: e8ed26d43870f9c4fa3ab6080284a9ee,
        type: 3}
      propertyPath: m_LocalRotation.y
      value: 0
      objectReference: {fileID: 0}
    - target: {fileID: 8778178071425736830, guid: e8ed26d43870f9c4fa3ab6080284a9ee,
        type: 3}
      propertyPath: m_LocalRotation.z
      value: 0
      objectReference: {fileID: 0}
    - target: {fileID: 8778178071425736830, guid: e8ed26d43870f9c4fa3ab6080284a9ee,
        type: 3}
      propertyPath: m_LocalRotation.w
      value: 1
      objectReference: {fileID: 0}
    - target: {fileID: 8778178071425736830, guid: e8ed26d43870f9c4fa3ab6080284a9ee,
        type: 3}
      propertyPath: m_RootOrder
      value: 21
      objectReference: {fileID: 0}
    - target: {fileID: 8778178071425736830, guid: e8ed26d43870f9c4fa3ab6080284a9ee,
        type: 3}
      propertyPath: m_LocalEulerAnglesHint.x
      value: 0
      objectReference: {fileID: 0}
    - target: {fileID: 8778178071425736830, guid: e8ed26d43870f9c4fa3ab6080284a9ee,
        type: 3}
      propertyPath: m_LocalEulerAnglesHint.y
      value: 0
      objectReference: {fileID: 0}
    - target: {fileID: 8778178071425736830, guid: e8ed26d43870f9c4fa3ab6080284a9ee,
        type: 3}
      propertyPath: m_LocalEulerAnglesHint.z
      value: 0
      objectReference: {fileID: 0}
    m_RemovedComponents: []
  m_SourcePrefab: {fileID: 100100000, guid: e8ed26d43870f9c4fa3ab6080284a9ee, type: 3}
--- !u!4 &2021581239250670432 stripped
Transform:
  m_CorrespondingSourceObject: {fileID: 8778178071425736830, guid: e8ed26d43870f9c4fa3ab6080284a9ee,
    type: 3}
  m_PrefabInstance: {fileID: 7339815294612091678}
  m_PrefabAsset: {fileID: 0}
--- !u!1001 &7466381582430618095
PrefabInstance:
  m_ObjectHideFlags: 0
  serializedVersion: 2
  m_Modification:
    m_TransformParent: {fileID: 7100073606905119634}
    m_Modifications:
    - target: {fileID: 8257784081618844356, guid: e8ed26d43870f9c4fa3ab6080284a9ee,
        type: 3}
      propertyPath: m_Name
      value: Coin 3
      objectReference: {fileID: 0}
    - target: {fileID: 8778178071425736830, guid: e8ed26d43870f9c4fa3ab6080284a9ee,
        type: 3}
      propertyPath: m_LocalPosition.x
      value: -2.23
      objectReference: {fileID: 0}
    - target: {fileID: 8778178071425736830, guid: e8ed26d43870f9c4fa3ab6080284a9ee,
        type: 3}
      propertyPath: m_LocalPosition.y
      value: 1.31
      objectReference: {fileID: 0}
    - target: {fileID: 8778178071425736830, guid: e8ed26d43870f9c4fa3ab6080284a9ee,
        type: 3}
      propertyPath: m_LocalPosition.z
      value: 6.16
      objectReference: {fileID: 0}
    - target: {fileID: 8778178071425736830, guid: e8ed26d43870f9c4fa3ab6080284a9ee,
        type: 3}
      propertyPath: m_LocalRotation.x
      value: 0
      objectReference: {fileID: 0}
    - target: {fileID: 8778178071425736830, guid: e8ed26d43870f9c4fa3ab6080284a9ee,
        type: 3}
      propertyPath: m_LocalRotation.y
      value: 0
      objectReference: {fileID: 0}
    - target: {fileID: 8778178071425736830, guid: e8ed26d43870f9c4fa3ab6080284a9ee,
        type: 3}
      propertyPath: m_LocalRotation.z
      value: 0
      objectReference: {fileID: 0}
    - target: {fileID: 8778178071425736830, guid: e8ed26d43870f9c4fa3ab6080284a9ee,
        type: 3}
      propertyPath: m_LocalRotation.w
      value: 1
      objectReference: {fileID: 0}
    - target: {fileID: 8778178071425736830, guid: e8ed26d43870f9c4fa3ab6080284a9ee,
        type: 3}
      propertyPath: m_RootOrder
      value: 15
      objectReference: {fileID: 0}
    - target: {fileID: 8778178071425736830, guid: e8ed26d43870f9c4fa3ab6080284a9ee,
        type: 3}
      propertyPath: m_LocalEulerAnglesHint.x
      value: 0
      objectReference: {fileID: 0}
    - target: {fileID: 8778178071425736830, guid: e8ed26d43870f9c4fa3ab6080284a9ee,
        type: 3}
      propertyPath: m_LocalEulerAnglesHint.y
      value: 0
      objectReference: {fileID: 0}
    - target: {fileID: 8778178071425736830, guid: e8ed26d43870f9c4fa3ab6080284a9ee,
        type: 3}
      propertyPath: m_LocalEulerAnglesHint.z
      value: 0
      objectReference: {fileID: 0}
    m_RemovedComponents: []
  m_SourcePrefab: {fileID: 100100000, guid: e8ed26d43870f9c4fa3ab6080284a9ee, type: 3}
--- !u!4 &2184157926531244433 stripped
Transform:
  m_CorrespondingSourceObject: {fileID: 8778178071425736830, guid: e8ed26d43870f9c4fa3ab6080284a9ee,
    type: 3}
  m_PrefabInstance: {fileID: 7466381582430618095}
  m_PrefabAsset: {fileID: 0}
--- !u!1001 &7867123417895083471
PrefabInstance:
  m_ObjectHideFlags: 0
  serializedVersion: 2
  m_Modification:
    m_TransformParent: {fileID: 7100073606905119634}
    m_Modifications:
    - target: {fileID: 8257784081618844356, guid: e8ed26d43870f9c4fa3ab6080284a9ee,
        type: 3}
      propertyPath: m_Name
      value: Coin 7
      objectReference: {fileID: 0}
    - target: {fileID: 8778178071425736830, guid: e8ed26d43870f9c4fa3ab6080284a9ee,
        type: 3}
      propertyPath: m_LocalPosition.x
      value: 1.87
      objectReference: {fileID: 0}
    - target: {fileID: 8778178071425736830, guid: e8ed26d43870f9c4fa3ab6080284a9ee,
        type: 3}
      propertyPath: m_LocalPosition.y
      value: 1.31
      objectReference: {fileID: 0}
    - target: {fileID: 8778178071425736830, guid: e8ed26d43870f9c4fa3ab6080284a9ee,
        type: 3}
      propertyPath: m_LocalPosition.z
      value: 15.29
      objectReference: {fileID: 0}
    - target: {fileID: 8778178071425736830, guid: e8ed26d43870f9c4fa3ab6080284a9ee,
        type: 3}
      propertyPath: m_LocalRotation.x
      value: 0
      objectReference: {fileID: 0}
    - target: {fileID: 8778178071425736830, guid: e8ed26d43870f9c4fa3ab6080284a9ee,
        type: 3}
      propertyPath: m_LocalRotation.y
      value: 0
      objectReference: {fileID: 0}
    - target: {fileID: 8778178071425736830, guid: e8ed26d43870f9c4fa3ab6080284a9ee,
        type: 3}
      propertyPath: m_LocalRotation.z
      value: 0
      objectReference: {fileID: 0}
    - target: {fileID: 8778178071425736830, guid: e8ed26d43870f9c4fa3ab6080284a9ee,
        type: 3}
      propertyPath: m_LocalRotation.w
      value: 1
      objectReference: {fileID: 0}
    - target: {fileID: 8778178071425736830, guid: e8ed26d43870f9c4fa3ab6080284a9ee,
        type: 3}
      propertyPath: m_RootOrder
      value: 8
      objectReference: {fileID: 0}
    - target: {fileID: 8778178071425736830, guid: e8ed26d43870f9c4fa3ab6080284a9ee,
        type: 3}
      propertyPath: m_LocalEulerAnglesHint.x
      value: 0
      objectReference: {fileID: 0}
    - target: {fileID: 8778178071425736830, guid: e8ed26d43870f9c4fa3ab6080284a9ee,
        type: 3}
      propertyPath: m_LocalEulerAnglesHint.y
      value: 0
      objectReference: {fileID: 0}
    - target: {fileID: 8778178071425736830, guid: e8ed26d43870f9c4fa3ab6080284a9ee,
        type: 3}
      propertyPath: m_LocalEulerAnglesHint.z
      value: 0
      objectReference: {fileID: 0}
    m_RemovedComponents: []
  m_SourcePrefab: {fileID: 100100000, guid: e8ed26d43870f9c4fa3ab6080284a9ee, type: 3}
--- !u!4 &1513202205258120625 stripped
Transform:
  m_CorrespondingSourceObject: {fileID: 8778178071425736830, guid: e8ed26d43870f9c4fa3ab6080284a9ee,
    type: 3}
  m_PrefabInstance: {fileID: 7867123417895083471}
  m_PrefabAsset: {fileID: 0}
--- !u!1001 &8017625036675577860
PrefabInstance:
  m_ObjectHideFlags: 0
  serializedVersion: 2
  m_Modification:
    m_TransformParent: {fileID: 7100073606905119634}
    m_Modifications:
    - target: {fileID: 1436398286074176, guid: aa7a79e53bee7d64e9b1fb9894a773a5, type: 3}
      propertyPath: m_Name
      value: SM_Prop_StoneWall_01 (1)
      objectReference: {fileID: 0}
    - target: {fileID: 1436398286074176, guid: aa7a79e53bee7d64e9b1fb9894a773a5, type: 3}
      propertyPath: m_TagString
      value: Obstacule
      objectReference: {fileID: 0}
    - target: {fileID: 4339720627652856, guid: aa7a79e53bee7d64e9b1fb9894a773a5, type: 3}
      propertyPath: m_LocalPosition.x
      value: 1.32
      objectReference: {fileID: 0}
    - target: {fileID: 4339720627652856, guid: aa7a79e53bee7d64e9b1fb9894a773a5, type: 3}
      propertyPath: m_LocalPosition.y
      value: 0
      objectReference: {fileID: 0}
    - target: {fileID: 4339720627652856, guid: aa7a79e53bee7d64e9b1fb9894a773a5, type: 3}
      propertyPath: m_LocalPosition.z
      value: 32.8
      objectReference: {fileID: 0}
    - target: {fileID: 4339720627652856, guid: aa7a79e53bee7d64e9b1fb9894a773a5, type: 3}
      propertyPath: m_LocalRotation.x
      value: -0
      objectReference: {fileID: 0}
    - target: {fileID: 4339720627652856, guid: aa7a79e53bee7d64e9b1fb9894a773a5, type: 3}
      propertyPath: m_LocalRotation.y
      value: -0
      objectReference: {fileID: 0}
    - target: {fileID: 4339720627652856, guid: aa7a79e53bee7d64e9b1fb9894a773a5, type: 3}
      propertyPath: m_LocalRotation.z
      value: -0
      objectReference: {fileID: 0}
    - target: {fileID: 4339720627652856, guid: aa7a79e53bee7d64e9b1fb9894a773a5, type: 3}
      propertyPath: m_LocalRotation.w
      value: 1
      objectReference: {fileID: 0}
    - target: {fileID: 4339720627652856, guid: aa7a79e53bee7d64e9b1fb9894a773a5, type: 3}
      propertyPath: m_RootOrder
      value: 4
      objectReference: {fileID: 0}
    - target: {fileID: 4339720627652856, guid: aa7a79e53bee7d64e9b1fb9894a773a5, type: 3}
      propertyPath: m_LocalEulerAnglesHint.x
      value: 0
      objectReference: {fileID: 0}
    - target: {fileID: 4339720627652856, guid: aa7a79e53bee7d64e9b1fb9894a773a5, type: 3}
      propertyPath: m_LocalEulerAnglesHint.y
      value: 0
      objectReference: {fileID: 0}
    - target: {fileID: 4339720627652856, guid: aa7a79e53bee7d64e9b1fb9894a773a5, type: 3}
      propertyPath: m_LocalEulerAnglesHint.z
      value: 0
      objectReference: {fileID: 0}
    - target: {fileID: 4339720627652856, guid: aa7a79e53bee7d64e9b1fb9894a773a5, type: 3}
      propertyPath: m_LocalScale.x
      value: 2.741813
      objectReference: {fileID: 0}
    - target: {fileID: 4339720627652856, guid: aa7a79e53bee7d64e9b1fb9894a773a5, type: 3}
      propertyPath: m_LocalScale.y
      value: 2.7911
      objectReference: {fileID: 0}
    - target: {fileID: 4339720627652856, guid: aa7a79e53bee7d64e9b1fb9894a773a5, type: 3}
      propertyPath: m_LocalScale.z
      value: 2.7911
      objectReference: {fileID: 0}
    m_RemovedComponents: []
  m_SourcePrefab: {fileID: 100100000, guid: aa7a79e53bee7d64e9b1fb9894a773a5, type: 3}
--- !u!4 &8019566844303962364 stripped
Transform:
  m_CorrespondingSourceObject: {fileID: 4339720627652856, guid: aa7a79e53bee7d64e9b1fb9894a773a5,
    type: 3}
  m_PrefabInstance: {fileID: 8017625036675577860}
  m_PrefabAsset: {fileID: 0}
--- !u!1 &8016769180546861380 stripped
GameObject:
  m_CorrespondingSourceObject: {fileID: 1436398286074176, guid: aa7a79e53bee7d64e9b1fb9894a773a5,
    type: 3}
  m_PrefabInstance: {fileID: 8017625036675577860}
  m_PrefabAsset: {fileID: 0}
--- !u!1001 &8453697144335754518
PrefabInstance:
  m_ObjectHideFlags: 0
  serializedVersion: 2
  m_Modification:
    m_TransformParent: {fileID: 7100073606905119634}
    m_Modifications:
    - target: {fileID: 1216940219782082, guid: 6b59a3c433dce79439ba5afcac6003c5, type: 3}
      propertyPath: m_Name
      value: SM_Prop_StoneWall_02
      objectReference: {fileID: 0}
    - target: {fileID: 1216940219782082, guid: 6b59a3c433dce79439ba5afcac6003c5, type: 3}
      propertyPath: m_TagString
      value: Obstacule
      objectReference: {fileID: 0}
    - target: {fileID: 4252744964189662, guid: 6b59a3c433dce79439ba5afcac6003c5, type: 3}
      propertyPath: m_LocalPosition.x
      value: -8.84
      objectReference: {fileID: 0}
    - target: {fileID: 4252744964189662, guid: 6b59a3c433dce79439ba5afcac6003c5, type: 3}
      propertyPath: m_LocalPosition.y
      value: 0
      objectReference: {fileID: 0}
    - target: {fileID: 4252744964189662, guid: 6b59a3c433dce79439ba5afcac6003c5, type: 3}
      propertyPath: m_LocalPosition.z
      value: 65.32
      objectReference: {fileID: 0}
    - target: {fileID: 4252744964189662, guid: 6b59a3c433dce79439ba5afcac6003c5, type: 3}
      propertyPath: m_LocalRotation.x
      value: -0
      objectReference: {fileID: 0}
    - target: {fileID: 4252744964189662, guid: 6b59a3c433dce79439ba5afcac6003c5, type: 3}
      propertyPath: m_LocalRotation.y
      value: -0
      objectReference: {fileID: 0}
    - target: {fileID: 4252744964189662, guid: 6b59a3c433dce79439ba5afcac6003c5, type: 3}
      propertyPath: m_LocalRotation.z
      value: -0
      objectReference: {fileID: 0}
    - target: {fileID: 4252744964189662, guid: 6b59a3c433dce79439ba5afcac6003c5, type: 3}
      propertyPath: m_LocalRotation.w
      value: 1
      objectReference: {fileID: 0}
    - target: {fileID: 4252744964189662, guid: 6b59a3c433dce79439ba5afcac6003c5, type: 3}
      propertyPath: m_RootOrder
      value: 2
      objectReference: {fileID: 0}
    - target: {fileID: 4252744964189662, guid: 6b59a3c433dce79439ba5afcac6003c5, type: 3}
      propertyPath: m_LocalEulerAnglesHint.x
      value: 0
      objectReference: {fileID: 0}
    - target: {fileID: 4252744964189662, guid: 6b59a3c433dce79439ba5afcac6003c5, type: 3}
      propertyPath: m_LocalEulerAnglesHint.y
      value: 0
      objectReference: {fileID: 0}
    - target: {fileID: 4252744964189662, guid: 6b59a3c433dce79439ba5afcac6003c5, type: 3}
      propertyPath: m_LocalEulerAnglesHint.z
      value: 0
      objectReference: {fileID: 0}
    - target: {fileID: 4252744964189662, guid: 6b59a3c433dce79439ba5afcac6003c5, type: 3}
      propertyPath: m_LocalScale.x
      value: 2.3631623
      objectReference: {fileID: 0}
    - target: {fileID: 4252744964189662, guid: 6b59a3c433dce79439ba5afcac6003c5, type: 3}
      propertyPath: m_LocalScale.y
      value: 2.9505227
      objectReference: {fileID: 0}
    - target: {fileID: 4252744964189662, guid: 6b59a3c433dce79439ba5afcac6003c5, type: 3}
      propertyPath: m_LocalScale.z
      value: 2.9505227
      objectReference: {fileID: 0}
    m_RemovedComponents: []
  m_SourcePrefab: {fileID: 100100000, guid: 6b59a3c433dce79439ba5afcac6003c5, type: 3}
--- !u!1 &8454877247946274516 stripped
GameObject:
  m_CorrespondingSourceObject: {fileID: 1216940219782082, guid: 6b59a3c433dce79439ba5afcac6003c5,
    type: 3}
  m_PrefabInstance: {fileID: 8453697144335754518}
  m_PrefabAsset: {fileID: 0}
--- !u!4 &8457350094137903304 stripped
Transform:
  m_CorrespondingSourceObject: {fileID: 4252744964189662, guid: 6b59a3c433dce79439ba5afcac6003c5,
    type: 3}
  m_PrefabInstance: {fileID: 8453697144335754518}
  m_PrefabAsset: {fileID: 0}
--- !u!1001 &8656802595742007339
PrefabInstance:
  m_ObjectHideFlags: 0
  serializedVersion: 2
  m_Modification:
    m_TransformParent: {fileID: 7100073606905119634}
    m_Modifications:
    - target: {fileID: 2640915265309910854, guid: e56b57c377890c74cb68a655fa0c4e6b,
        type: 3}
      propertyPath: InitialModule.startSizeY.minMaxState
      value: 3
      objectReference: {fileID: 0}
    - target: {fileID: 2640915265309910854, guid: e56b57c377890c74cb68a655fa0c4e6b,
        type: 3}
      propertyPath: InitialModule.startSizeZ.minMaxState
      value: 3
      objectReference: {fileID: 0}
    - target: {fileID: 2640915265325141320, guid: e56b57c377890c74cb68a655fa0c4e6b,
        type: 3}
      propertyPath: m_LocalPosition.x
      value: -16.3
      objectReference: {fileID: 0}
    - target: {fileID: 2640915265325141320, guid: e56b57c377890c74cb68a655fa0c4e6b,
        type: 3}
      propertyPath: m_LocalPosition.z
      value: 12.5
      objectReference: {fileID: 0}
    - target: {fileID: 2640915265325141320, guid: e56b57c377890c74cb68a655fa0c4e6b,
        type: 3}
      propertyPath: m_LocalScale.z
      value: 13.626809
      objectReference: {fileID: 0}
    - target: {fileID: 2640915266357296387, guid: e56b57c377890c74cb68a655fa0c4e6b,
        type: 3}
      propertyPath: m_Name
      value: Terrain
      objectReference: {fileID: 0}
    - target: {fileID: 2640915266357296412, guid: e56b57c377890c74cb68a655fa0c4e6b,
        type: 3}
      propertyPath: m_EnableTreeColliders
      value: 1
      objectReference: {fileID: 0}
    - target: {fileID: 2640915266357296412, guid: e56b57c377890c74cb68a655fa0c4e6b,
        type: 3}
      propertyPath: m_Enabled
      value: 0
      objectReference: {fileID: 0}
    - target: {fileID: 2640915266357296414, guid: e56b57c377890c74cb68a655fa0c4e6b,
        type: 3}
      propertyPath: m_LocalPosition.x
      value: -22.16
      objectReference: {fileID: 0}
    - target: {fileID: 2640915266357296414, guid: e56b57c377890c74cb68a655fa0c4e6b,
        type: 3}
      propertyPath: m_LocalPosition.y
      value: 0
      objectReference: {fileID: 0}
    - target: {fileID: 2640915266357296414, guid: e56b57c377890c74cb68a655fa0c4e6b,
        type: 3}
      propertyPath: m_LocalPosition.z
      value: 0
      objectReference: {fileID: 0}
    - target: {fileID: 2640915266357296414, guid: e56b57c377890c74cb68a655fa0c4e6b,
        type: 3}
      propertyPath: m_LocalRotation.x
      value: -0
      objectReference: {fileID: 0}
    - target: {fileID: 2640915266357296414, guid: e56b57c377890c74cb68a655fa0c4e6b,
        type: 3}
      propertyPath: m_LocalRotation.y
      value: -0
      objectReference: {fileID: 0}
    - target: {fileID: 2640915266357296414, guid: e56b57c377890c74cb68a655fa0c4e6b,
        type: 3}
      propertyPath: m_LocalRotation.z
      value: -0
      objectReference: {fileID: 0}
    - target: {fileID: 2640915266357296414, guid: e56b57c377890c74cb68a655fa0c4e6b,
        type: 3}
      propertyPath: m_LocalRotation.w
      value: 1
      objectReference: {fileID: 0}
    - target: {fileID: 2640915266357296414, guid: e56b57c377890c74cb68a655fa0c4e6b,
        type: 3}
      propertyPath: m_RootOrder
      value: 0
      objectReference: {fileID: 0}
    - target: {fileID: 2640915266357296414, guid: e56b57c377890c74cb68a655fa0c4e6b,
        type: 3}
      propertyPath: m_LocalEulerAnglesHint.x
      value: 0
      objectReference: {fileID: 0}
    - target: {fileID: 2640915266357296414, guid: e56b57c377890c74cb68a655fa0c4e6b,
        type: 3}
      propertyPath: m_LocalEulerAnglesHint.y
      value: 0
      objectReference: {fileID: 0}
    - target: {fileID: 2640915266357296414, guid: e56b57c377890c74cb68a655fa0c4e6b,
        type: 3}
      propertyPath: m_LocalEulerAnglesHint.z
      value: 0
      objectReference: {fileID: 0}
    - target: {fileID: 2640915266641907698, guid: e56b57c377890c74cb68a655fa0c4e6b,
        type: 3}
      propertyPath: m_LocalPosition.x
      value: -33.8
      objectReference: {fileID: 0}
    - target: {fileID: 2640915266641907698, guid: e56b57c377890c74cb68a655fa0c4e6b,
        type: 3}
      propertyPath: m_LocalPosition.z
      value: 17.63
      objectReference: {fileID: 0}
    - target: {fileID: 2640915266641907698, guid: e56b57c377890c74cb68a655fa0c4e6b,
        type: 3}
      propertyPath: m_LocalScale.y
      value: 2.2933
      objectReference: {fileID: 0}
    - target: {fileID: 2640915267018639578, guid: e56b57c377890c74cb68a655fa0c4e6b,
        type: 3}
      propertyPath: m_LocalPosition.x
      value: -16.1
      objectReference: {fileID: 0}
    - target: {fileID: 2640915267018639578, guid: e56b57c377890c74cb68a655fa0c4e6b,
        type: 3}
      propertyPath: m_LocalPosition.z
      value: 13.3
      objectReference: {fileID: 0}
    - target: {fileID: 2640915267018639578, guid: e56b57c377890c74cb68a655fa0c4e6b,
        type: 3}
      propertyPath: m_LocalScale.y
      value: 1.5435
      objectReference: {fileID: 0}
    - target: {fileID: 4063767939513667342, guid: e56b57c377890c74cb68a655fa0c4e6b,
        type: 3}
      propertyPath: m_Size.x
      value: 18.394459
      objectReference: {fileID: 0}
    - target: {fileID: 4063767939513667342, guid: e56b57c377890c74cb68a655fa0c4e6b,
        type: 3}
      propertyPath: m_Center.x
      value: 8.697229
      objectReference: {fileID: 0}
    - target: {fileID: 4063767939513667342, guid: e56b57c377890c74cb68a655fa0c4e6b,
        type: 3}
      propertyPath: m_Enabled
      value: 1
      objectReference: {fileID: 0}
    - target: {fileID: 8662221537729994797, guid: e56b57c377890c74cb68a655fa0c4e6b,
        type: 3}
      propertyPath: m_Size.x
      value: 20.296959
      objectReference: {fileID: 0}
    - target: {fileID: 8662221537729994797, guid: e56b57c377890c74cb68a655fa0c4e6b,
        type: 3}
      propertyPath: m_Center.x
      value: 37.237103
      objectReference: {fileID: 0}
    m_RemovedComponents: []
  m_SourcePrefab: {fileID: 100100000, guid: e56b57c377890c74cb68a655fa0c4e6b, type: 3}
--- !u!4 &6666821036618562869 stripped
Transform:
  m_CorrespondingSourceObject: {fileID: 2640915266357296414, guid: e56b57c377890c74cb68a655fa0c4e6b,
    type: 3}
  m_PrefabInstance: {fileID: 8656802595742007339}
  m_PrefabAsset: {fileID: 0}
--- !u!1001 &9079626920528840168
PrefabInstance:
  m_ObjectHideFlags: 0
  serializedVersion: 2
  m_Modification:
    m_TransformParent: {fileID: 7100073606905119634}
    m_Modifications:
    - target: {fileID: 8257784081618844356, guid: e8ed26d43870f9c4fa3ab6080284a9ee,
        type: 3}
      propertyPath: m_Name
      value: Coin 13
      objectReference: {fileID: 0}
    - target: {fileID: 8778178071425736830, guid: e8ed26d43870f9c4fa3ab6080284a9ee,
        type: 3}
      propertyPath: m_LocalPosition.x
      value: -3.2513049
      objectReference: {fileID: 0}
    - target: {fileID: 8778178071425736830, guid: e8ed26d43870f9c4fa3ab6080284a9ee,
        type: 3}
      propertyPath: m_LocalPosition.y
      value: 1.31
      objectReference: {fileID: 0}
    - target: {fileID: 8778178071425736830, guid: e8ed26d43870f9c4fa3ab6080284a9ee,
        type: 3}
      propertyPath: m_LocalPosition.z
      value: 34.9
      objectReference: {fileID: 0}
    - target: {fileID: 8778178071425736830, guid: e8ed26d43870f9c4fa3ab6080284a9ee,
        type: 3}
      propertyPath: m_LocalRotation.x
      value: 0
      objectReference: {fileID: 0}
    - target: {fileID: 8778178071425736830, guid: e8ed26d43870f9c4fa3ab6080284a9ee,
        type: 3}
      propertyPath: m_LocalRotation.y
      value: 0
      objectReference: {fileID: 0}
    - target: {fileID: 8778178071425736830, guid: e8ed26d43870f9c4fa3ab6080284a9ee,
        type: 3}
      propertyPath: m_LocalRotation.z
      value: 0
      objectReference: {fileID: 0}
    - target: {fileID: 8778178071425736830, guid: e8ed26d43870f9c4fa3ab6080284a9ee,
        type: 3}
      propertyPath: m_LocalRotation.w
      value: 1
      objectReference: {fileID: 0}
    - target: {fileID: 8778178071425736830, guid: e8ed26d43870f9c4fa3ab6080284a9ee,
        type: 3}
      propertyPath: m_RootOrder
      value: 27
      objectReference: {fileID: 0}
    - target: {fileID: 8778178071425736830, guid: e8ed26d43870f9c4fa3ab6080284a9ee,
        type: 3}
      propertyPath: m_LocalEulerAnglesHint.x
      value: 0
      objectReference: {fileID: 0}
    - target: {fileID: 8778178071425736830, guid: e8ed26d43870f9c4fa3ab6080284a9ee,
        type: 3}
      propertyPath: m_LocalEulerAnglesHint.y
      value: 0
      objectReference: {fileID: 0}
    - target: {fileID: 8778178071425736830, guid: e8ed26d43870f9c4fa3ab6080284a9ee,
        type: 3}
      propertyPath: m_LocalEulerAnglesHint.z
      value: 0
      objectReference: {fileID: 0}
    m_RemovedComponents: []
  m_SourcePrefab: {fileID: 100100000, guid: e8ed26d43870f9c4fa3ab6080284a9ee, type: 3}
--- !u!4 &563806363210638742 stripped
Transform:
  m_CorrespondingSourceObject: {fileID: 8778178071425736830, guid: e8ed26d43870f9c4fa3ab6080284a9ee,
    type: 3}
  m_PrefabInstance: {fileID: 9079626920528840168}
  m_PrefabAsset: {fileID: 0}
